3125 4900
324 218 424 323 'icio
736 241 1018 314 csurscomu

185 408 241 465 M
264 384 433 481 sittiiosso
453 398 555 463 πάντα
576 399 717 464 sttruos
744 397 801 460 καί
819 392 934 477 πόνον,
969 388 1076 471 αότοΐς
1096 396 1133 461 δὲ
1152 393 1198 480 μὴ
1219 394 1281 481 τόν
1306 394 1467 484 1⁹0qu-

334 498 406 575 tots
426 496 568 581 σπουδὴν
596 496 835 563 ἀπιδειλινυοθαι
853 495 929 578 περί
945 491 1080 560 ἑαυτῶν.
1121 492 1217 571 αάτός
1238 496 1311 583 γὰρ
1343 498 1466 575 &sidric

331 592 413 675 μετὰ
434 592 491 679 τὴν
511 596 665 678 βασιλέως
684 590 842 677 τελευτὴν,
862 594 942 657 idcir
961 590 1018 657 τόν
1038 594 1318 679 Καντακουζηνόν
1344 589 1464 661 ἄδικα

305 696 327 751 C
334 697 389 757 καί
413 698 505 776 βιαιο
527 690 752 774 διακαόμενον
785 690 843 756 καί
861 686 898 755 osi
919 692 1015 773 μόνον
1041 696 1220 774 βασιλείας,
1256 691 1364 759 ἀλλά
1398 694 1467 759 καί

233 801 262 877 Υ
274 801 326 871 478
338 794 420 875 ζωῆς
442 794 541 879 αάτῆς
563 794 743 878 ἀποστερεῖν
772 790 963 873 βουλόμενον
985 788 1085 875 αάτὴν
1104 794 1161 856 καί
1180 794 1331 875 παῖδας,
1376 792 1483 857 καί-5

331 913 379 954 τοι
401 892 501 957 πολλοὶ
523 894 673 979 πρότερον
694 887 747 954 ὕπ’
769 890 889 955 ἐκείνου
910 892 1128 975 εάερμετηδείς
1152 893 1209 955 καί
1234 894 1383 967 δίκαιος
1410 884 1463 955 οἶόν

330 988 413 1075 ὑπὲρ
435 992 556 1055 ἐκείνου
579 988 682 1057 πάντα
702 992 847 1054 κίνδυνον
867 987 1040 1072 αἱρεῖσθαι,
1061 988 1270 1073 ἀμειβόμενος
1292 994 1371 1076 τῆς
1395 992 1463 1056 ori-

329 1092 453 1169 ποιίας,
483 1089 559 1155 ddi
586 1093 705 1171 μᾶλλον
738 1086 838 1152 είλετο
858 1086 944 1170 ὑπὲρ,
960 1081 1067 1153 αότοόν
1098 1090 1391 1174 διακινδυνεύειν,
1433 1083 1461 1173 ἧ

328 1184 424 1270 τιμάς
444 1186 503 1263 τοὶς
531 1188 657 1274 πραότας
685 1190 888 1273 καρποῦσθαι
916 1190 992 1272 παρ’
1011 1186 1115 1275 αὐτῷ,
1134 1194 1199 1254 τάν
1219 1186 1368 1254 ἀτόπων
1392 1188 1456 1273 ἔρ-

329 1311 395 1369 γων
422 1286 665 1369 βδελυττόμενος
692 1284 749 1371 τὴν
778 1287 960 1352 κοινωνίαν·
1007 1284 1142 1369 πόλεμόν
1164 1310 1198 1353 τε
1216 1279 1327 1373 ἤρατο
1354 1288 1493 1374 πρόςιο

330 1388 449 1451 ἐκεῖνον
479 1388 644 1473 φανερῶς,
675 1388 739 1452 ταῖν
760 1377 866 1450 ἀλλων
896 1382 1020 1449 πόντων
1048 1384 1267 1451 ἀποκνοόντοον
1285 1386 1358 1451 καί
1382 1388 1453 1473 τὴν

329 1480 465 1565 δύναμιν
496 1482 709 1569 πεφρικότων,
740 1487 797 1548 καί
821 1486 856 1561 ἐς
883 1484 1040 1570 τοσαύτην
1069 1483 1243 1569 συνήλασεν
1262 1486 1450 1577 ἀπορίαν,

298 1590 325 1642 o
335 1574 414 1647 ὥστε
433 1576 587 1667 πρότερόν
608 1607 644 1647 τε
668 1584 834 1667 Τριβαλοόν
854 1581 935 1671 πρός
953 1585 1134 1667 ἐπικουρίαν
1160 1583 1340 1669 δεηθῆναι,
1384 1584 1451 1649 καί

330 1678 370 1745 τό
394 1686 559 1747 τελευταία
579 1681 639 1747 ,νόν
659 1685 809 1767 Περσῶν.
850 1681 951 1758 αάιός
970 1685 1006 1748 δὲ
1026 1685 1151 1769 σπουδῇ
1173 1685 1274 1770 πολλῇ
1288 1684 1356 1749 καί
1376 1686 1444 1767 oe’y-

327 1780 435 1867 χινοίᾳ
457 1782 503 1855 εἰς
532 1774 716 1847 τοόναντιλιν
745 1776 833 1869 adrui
860 1779 986 1847 ἅπαντα
1006 1786 1217 1867 περιτρέψαι,
1249 1782 1306 1847 καί
1331 1780 1484 1848 πολε-15

327 1875 422 1959 μίους
452 1880 539 1968 aristi
562 1878 635 1944 ἀντί
652 1877 831 1961 συμμάχων
852 1880 972 1955 πάντας
995 1882 1174 1962 ἀποδεῖξαι,
1206 1880 1264 1945 καὶ
1290 1887 1356 1949 νῦν
1387 1886 1439 1959 είς

328 1978 477 2041 τοσοῦτον
497 1979 633 2064 ἀπορίας
651 1978 790 2061 ἀγαγεῖν,
813 1974 894 2043 οόσιε
913 1979 1163 2063 ἐπαγγειλασδαι
1182 1980 1239 2067 τὴν
1252 1988 1438 2063 βασιλείαν

232 2076 235 2083 ’
330 2068 526 2155 ἀποθέμενον
571 2079 642 2157 βιόν
671 2072 799 2141 idicirco
824 2080 890 2164 ζῇν.
941 2072 989 2142 ὅτε
1016 2082 1052 2143 δὲ
1083 2078 1183 2144 πολλά
1222 2082 1336 2162 καμάν
1372 2081 1437 2143 καί

329 2170 562 2253 ἀγωνισάμενος
581 2175 637 2237 καί
654 2172 816 2251 κινδύνους
836 2175 1004 2252 τοσοότοος
1029 2176 1200 2259 ὑπομείνας
1223 2170 1341 2263 ἢγαγεν
1380 2180 1434 2253 είς

327 2274 417 2346 τέλος
437 2268 560 2353 ἀγαθόν
580 2275 638 2357 τήν
661 2276 864 2361 ἐπιχείρησιν,
885 2275 950 2339 τότ’
970 2275 1066 2341 crisos*
1084 2277 1136 2341 ὑπ’
1150 2280 1303 2360 ἀβουλίας
1316 2274 1471 2343 ἅπαν-’θ

329 2392 371 2435 τα
393 2370 578 2458 ἀνέτρεψαν.
617 2370 797 2456 πυθόμενον
820 2371 881 2461 γάρ
905 2371 1022 2457 αότὸν,
1053 2375 1097 2454 ὥς
1123 2376 1356 2460 βουλεύσαιντο
1380 2378 1431 2440 εί-

330 2471 427 2556 ρήνην
453 2471 602 2538 τίθεσθαι
630 2471 709 2559 πρός
729 2475 847 2539 ἐκεῖνον
876 2473 933 2540 καί
950 2472 1088 2552 σπονδὰς
1118 2475 1172 2540 ἀπό
1210 2479 1254 2564 τῷ
1283 2481 1427 2558 βασιλέα

330 2563 423 2654 εἶναι,
440 2569 547 2638 ,πάντα
569 2569 783 2640 καταλιπόντα
803 2571 918 2640 ἐνθάδε
939 2570 1047 2658 ἥκειν,
1091 2577 1146 2639 καί
1162 2571 1242 2639 οἴκοι
1255 2574 1429 2658 γενόμενον

330 2667 368 2732 τό
388 2673 503 2751 μέλλον
522 2673 723 2741 ἀποσκοπεῖν.
762 2673 903 2741 δεδιέναι
920 2671 1085 2762 μόρπρός
1106 2669 1207 2759 oderis
1225 2675 1424 2756 iiisissrsp,

402 2815 441 2866 13.
462 2813 504 2869 εἰς
520 2829 569 2883 pro
586 2808 659 2884 srpdr
678 2811 715 2866 Μ.

330 2915 416 2988 quod,
428 2932 489 2968 cuns
506 2917 565 2986 ipse
583 2933 633 2986 pro
653 2917 702 2970 iila
720 2925 748 2971 et
765 2917 863 2972 liberis
879 2919 939 2971 cius
957 2917 1065 2971 nullum
1082 2915 1234 2988 periculum
1250 2912 1423 2966 molestiam·

331 3003 386 3058 quc
405 2985 599 3050 detrectasset,
619 3003 676 3040 non
695 2989 760 3058 ipsis
777 2993 867 3043 visum
884 2990 936 3053 sit,
955 3005 1006 3058 pro
1027 3007 1056 3040 sc
1079 2996 1108 3041 ct
1125 2984 1278 3054 patriarcha
1295 2983 1421 3036 tutandis

329 3059 449 3112 vicissim
476 3059 553 3112 eniti.
589 3059 624 3111 Se
650 3061 752 3132 quippe
770 3063 873 3125 statim,
888 3067 920 3113 ut
936 3059 1102 3121 observarit,
1126 3057 1345 3108 Cantacuscnum
1362 3055 1420 3105 inr-
1503 3076 1511 3090 ¹

329 3135 458 3200 peratore
477 3137 584 3183 mortuo
603 3129 698 3200 iniquo
718 3139 746 3184 et
764 3130 886 3184 violenta
904 3145 1021 3200 coquere
1039 3127 1167 3191 consitis,
1184 3127 1310 3196 velleque
1328 3123 1418 3194 ipsam

330 3217 392 3252 curn
410 3199 476 3250 filiis
509 3215 565 3250 uon
594 3201 709 3268 imperio
738 3210 846 3254 tantum
871 3202 1007 3262 deiicere,
1031 3199 1080 3252 sed
1096 3199 1152 3251 vita
1172 3212 1284 3268 quoque
1304 3209 1417 3255 exurere,

329 3271 439 3322 tametsi
465 3270 559 3320 multis
588 3277 668 3322 antea
693 3270 835 3323 beneficiis
861 3271 896 3322 ab
919 3286 952 3321 co
975 3273 1102 3322 affectum
1134 3278 1218 3338 atquc
1248 3265 1283 3316 ad
1302 3264 1416 3336 gratiam

330 3339 429 3410 quovis
456 3339 613 3392 discrimine
638 3341 696 3393 eius
717 3357 798 3393 causa
815 3338 958 3393 subeundo
976 3339 1147 3394 referendam
1166 3336 1335 3407 obligatum,
1354 3348 1416 3386 ma-

330 3410 415 3462 luisse
433 3426 483 3479 pro
503 3413 569 3478 ipris
588 3411 739 3479 periculose
758 3411 865 3474 iacere,
884 3428 965 3482 quani
982 3413 1085 3479 primos
1103 3407 1177 3478 apud
1195 3409 1274 3460 iilum
1297 3407 1417 3457 honores

331 3479 464 3548 adipisci,
483 3489 650 3532 exsecratum
679 3481 786 3533 scilicet
814 3481 1001 3551 improborum
1027 3479 1245 3534 communionem
1272 3477 1413 3534 sactorum,

330 3549 448 3620 aliisque
473 3549 600 3602 omuibus
624 3559 699 3602 metu
718 3569 750 3604 ac
767 3553 880 3605 horrore
898 3551 957 3603 eius
975 3553 1118 3620 potentias
1143 3547 1297 3608 deterritis,
1323 3547 1412 3616 palam

330 3621 357 3671 ei
384 3619 487 3670 beilum
515 3619 646 3673 indixisse
678 3638 766 3693 eoquo
804 3622 988 3692 angustiarum
1006 3619 1187 3689 compulisse,
1206 3627 1237 3670 ut
1253 3618 1329 3686 prius
1348 3616 1413 3668 Tri·

330 3689 487 3751 ballorum,
506 3708 578 3742 nrrnc
597 3690 707 3742 tandcrn
726 3695 866 3745 Persarum
884 3693 987 3742 auxilia
1005 3691 1166 3758 implorarit
1202 3689 1238 3743 Sc
1255 3695 1348 3738 autern
1366 3687 1412 3738 ‹ti-

331 3759 446 3829 ligentia
476 3767 504 3812 ct
529 3759 651 3812 sollertia
677 3779 725 3813 sua
750 3761 851 3815 sactum
877 3761 1009 3814 iniectum
1027 3761 1072 3813 illi
1099 3766 1128 3810 ct
1151 3777 1201 3830 pro
1219 3759 1302 3810 sociis
1320 3753 1412 3808 hostes

331 3829 500 3890 reddidisse,
520 3831 630 3901 iamque
652 3831 687 3880 ad
708 3849 752 3883 cns
771 3833 943 3884 difficultates
962 3832 1102 3884 homiuem
1120 3827 1261 3896 adegisse,
1278 3832 1311 3878 ut
1327 3826 1412 3894 impc-

330 3899 373 3952 rio
396 3915 426 3951 sc
450 3898 589 3950 abiturum
614 3899 800 3972 privatamque
824 3903 907 3954 vitain
933 3902 1069 3954 victurum
1095 3899 1259 3967 promiserit.
1296 3895 1411 3964 Quando

331 3977 423 4022 autem
444 3969 506 4038 ipso
522 3977 585 4040 post
603 3977 645 4023 tot
663 3969 770 4023 labores
791 3980 938 4042 tantasque
955 3973 1146 4024 contentiones
1165 3976 1193 4021 et
1212 3975 1289 4019 tanta
1313 3965 1412 4019 discri-

330 4041 403 4092 nrina
418 4047 530 4093 conatus
551 4056 614 4090 suos
633 4039 705 4094 bono
725 4044 778 4094 iius
797 4045 976 4103 concluserit,
999 4051 1057 4094 turn
1075 4041 1148 4109 ipsos
1167 4037 1345 4107 incogitantia
1365 4051 1410 4087 sua

330 4111 422 4163 ornnia
455 4111 592 4162 evertisse.
636 4109 704 4162 Nom
731 4113 779 4164 ubi
807 4114 931 4180 cognorit
955 4112 1021 4165 ilios
1038 4111 1073 4164 de
1110 4127 1158 4162 acc
1175 4117 1204 4160 et
1221 4106 1333 4159 foedere
1350 4120 1410 4157 cunr

332 4195 365 4234 co
393 4180 515 4235 iucundo
546 4177 717 4245 deliberare,
752 4190 784 4236 ut
812 4184 960 4252 imperator
999 4181 1037 4236 sit
1066 4179 1266 4242 nihilominus,
1295 4175 1409 4232 abiectis
