3125 4900
498 310 944 385 sustenementum.
1039 364 1046 389 ,
1165 280 1244 371 ο5ι

164 464 221 549 τῆς
236 460 408 549 προδοσίας
429 462 520 529 ἕνεκα
538 468 594 531 καί
610 467 667 550 τῆς
687 459 886 551 φαυλότητος
903 464 1115 553 τάντράπων.
1155 460 1318 547 virtatem.
1330 469 1396 541 rats

166 562 205 625 di
226 564 285 626 νῦν
306 585 340 627 τε
366 564 499 644 άνδρίας
516 561 572 630 κατ’
596 562 764 650 καρτερίας
784 561 880 642 δόξαν
907 557 1080 648 ἦνίγκασθε
1103 562 1161 630 καί
1176 568 1251 651 παρ’

168 659 279 735 adroic
297 670 364 737 τοῖς
382 663 553 743 πολεμίοις,
572 662 629 727 κατ’
647 664 740 751 ὀλίγῳ
760 658 891 747 ὕστερον
903 663 962 727 οὐκ
974 662 1036 747 ε’γώ
1048 660 1143 745 μόνον
1159 662 1252 745 άμεί-

166 776 274 841 ψομαι
293 769 364 837 τοϊς
385 759 616 845 προσηκούσαις
636 761 848 847 εὐεργεσίαις,
882 760 964 827 άλλά
991 760 1048 827 καὶ
1066 764 1165 828 πᾶσιν
1184 759 1254 828 ἔσε-

121 871 131 935 t
151 859 234 926 stes
253 860 452 943 περίβλεπτοι
469 857 525 931 καί
541 859 745 941 θαυμαστοὶ,
776 854 826 925 ὅτι
846 862 880 925 ἐν
897 868 1020 946 καιροῖς
1038 860 1176 941 μάλιστα
1196 863 1254 926 da-

167 958 317 1036 ναμίνοις
335 954 518 1038 βασανίζειν
537 955 664 1040 γνάμας
682 958 823 1041 ἀνδρῶν,
860 955 916 1043 τὴν
941 957 1163 1044 προσήκουσαν
1182 963 1349 1039 ἐπε-Ράὸο

169 1051 319 1135 desinatis
337 1053 394 1119 καί
409 1056 650 1139 μεγαλοψοχάιν
670 1059 727 1122 καί
743 1054 886 1143 α’νδριάν.
930 1058 970 1122 osi
983 1054 1024 1141 dr}
1040 1054 1094 1122 διά
1106 1056 1164 1143 τὴν
1175 1060 1257 1125 ἑκεί-

170 1180 235 1221 νιιν
262 1148 416 1236 άβοολίαν
441 1158 641 1221 mansissem
668 1152 753 1238 ὖμοῖς
783 1159 903 1221 δίκαιον
910 1205 920 1238 ,
955 1156 1024 1221 οὐδ’
1043 1152 1092 1221 ὅτι
1111 1161 1256 1243 decapo-

171 1256 256 1335 γίαις
275 1250 464 1338 ’κεχρήμεθα
490 1263 636 1337 σκοπεῖν,
670 1255 738 1321 ἀλλ’
758 1259 791 1322 εἰ
807 1257 907 1340 μηδὲν
928 1249 1022 1321 αὐτοὶ
1041 1257 1081 1319 δι’
1103 1257 1257 1339 ἀτολμίαν

134 1349 253 1436 Ιοπρός
279 1350 316 1417 τὸ
347 1348 459 1437 ἧττοος
489 1354 661 1440 φαίνεσθαι
687 1357 971 1439 οονεισηνάγκαμεν
998 1357 1062 1421 τῶν
1090 1359 1257 1437 πολεμίοιν.

155 1451 205 1517 ἐἰ
231 1452 259 1514 δ’
284 1444 335 1515 ὅτι
356 1454 459 1527 κακῶς
483 1450 555 1517 rori
570 1449 777 1539 πεπράχαμεν
796 1452 1004 1537 προοιστατιιι
1024 1453 1118 1535 άμῖν,
1138 1454 1205 1519 ἀλλ’
1226 1455 1259 1519 ἐ-

172 1559 256 1616 κεῖνο
266 1545 332 1636 χρὴ
346 1559 484 1635 σκοπεῖν,
503 1548 546 1627 ὥς
560 1552 628 1617 οάδ·
650 1549 680 1617 ni
701 1549 802 1619 πάλαι
816 1549 983 1636 Ῥωμαῖοι,
1005 1554 1079 1638 περὶ
1097 1544 1142 1619 ὧν
1160 1554 1260 1636 μεγά-

173 1654 217 1713 λα
236 1641 347 1737 ᾄδεται
370 1652 427 1713 καί
444 1649 638 1733 θαυμαστά,
668 1649 819 1746 ρ’ήττητοι
831 1647 1015 1739 παντάπασι
1030 1652 1261 1736 διαμεμενήκα-

175 1771 249 1831 σιν,
278 1748 345 1813 α’λλ’
366 1748 401 1813 s’r
417 1741 543 1825 πολλοῖς
561 1746 711 1827 πολλάκις
731 1754 902 1837 σφαλέντες
921 1755 978 1816 καί
995 1746 1149 1837 ὁλόκληρα
1162 1768 1262 1834 στρα-

136 1846 293 1919 ι5ιάπεάα
308 1847 387 1928 μετά
411 1852 475 1915 τάν
492 1854 675 1935 στρατηγῶν
696 1846 919 1933 ἀποβαλόντες,
941 1850 1057 1942 άνδρίρ
1073 1849 1129 1915 καί
1146 1855 1263 1934 τλημο-
1300 1913 1303 1919 .

175 1944 259 2032 σάνη
282 1948 323 2034 τῇ
350 1950 426 2033 περί
454 1946 493 2011 τά
518 1945 596 2034 ἔργα
625 1941 722 2022 αὖθις
749 1946 983 2030 ἀνεμαχέσαντο
1003 1947 1062 2031 τὴν
1081 1940 1195 2033 ἧτταν,
1222 1947 1263 2013 ου’

174 2048 297 2127 μᾶλλον
316 2045 585 2130 καταπτάξαντες,
604 2042 626 2131 ἢ
647 2045 727 2133 ὀργῇ
743 2050 783 2134 τῇ
803 2045 882 2129 πρὸς
900 2044 974 2123 τούς
993 2049 1162 2127 πολεμίους
1181 2052 1287 2134 σφα-Β

177 2140 327 2229 δράτερον
356 2141 515 2227 ἁψάμενοι
545 2144 624 2227 μετά
654 2152 755 2211 ταῦτα
777 2148 838 2211 τοῦ
859 2149 1009 2227 πολέμου.
1049 2138 1095 2210 alr
1115 2140 1266 2230 dindymus

178 2241 235 2307 sni
253 2243 344 2325 ἡμεῖς
363 2244 523 2320 ἀξιοῦντες
543 2239 636 2326 εἶναι,
659 2242 835 2328 μιμώμεθα
853 2243 911 2321 τάς
932 2244 1046 2329 ἀρετάς
1065 2242 1121 2309 καὶ
1136 2247 1193 2309 νῦν
1204 2247 1266 2326 μὲν

136 2336 330 2426 ,οῆγάμεθα
346 2339 459 2425 τύχαις
479 2343 694 2429 ἀνθρωπίναις
711 2340 905 2429 χρησάμενοι
926 2346 1135 2429 δυσπραγεῖν,
1163 2344 1267 2431 μικρῷ

179 2443 217 2507 δὲ
237 2438 367 2524 ὕστερον
386 2439 465 2526 πράς
484 2441 542 2528 την
560 2445 718 2530 προτέραν
738 2436 836 2531 αὖθις
854 2443 1028 2528 ἀφίξεσθαι
1050 2436 1266 2524 εὐδαιμονίαν.

180 2538 237 2604 καί
254 2537 316 2624 γάρ
338 2539 393 2604 καί
408 2545 471 2606 scir
490 2539 552 2628 πρά
572 2542 662 2627 ἡμῶν
680 2545 837 2623 βασιλέων
857 2542 915 2605 nris
936 2540 1046 2626 tityus,
1070 2541 1099 2604 ni
1113 2543 1172 2622 μὲν
1184 2545 1267 2624 βαρ-

181 2637 292 2726 βάροις
319 2643 526 2722 πολεμοῦντες
552 2642 749 2728 αἰχμάλωτοι
778 2637 925 2727 γεγόνασι
953 2642 1145 2724 νικηθέντες,
1179 2637 1209 2704 oi
1230 2640 1268 2705 di

183 2899 269 2966 ciam,
287 2900 321 2953 de
340 2902 499 2971 proditione
514 2907 543 2954 et
560 2901 677 2954 sinistris
695 2899 819 2954 maribus
837 2899 1031 2953 erubescentes
1043 2899 1188 2952 videlicet:
1207 2915 1269 2952 cum

182 2986 233 3023 ros
250 2977 279 3021 et
294 2988 368 3024 nnnc
384 2971 556 3025 fortitudinis
573 2987 604 3022 nc
620 2972 770 3041 patientiae
789 2971 900 3024 laudem
918 2972 962 3022 rel
980 2969 1015 3020 ab
1033 2971 1157 3038 ipsismet
1179 2969 1270 3022 hosti-

183 3039 238 3093 bas
256 3043 378 3094 tuleritis
397 3051 425 3094 et
442 3060 498 3095 non
515 3044 603 3095 solum
629 3058 679 3112 ego
697 3041 776 3094 brevi
793 3041 896 3094 debitis
914 3059 961 3093 ros
981 3041 1060 3092 donis
1081 3047 1270 3091 remunerata·

183 3127 231 3164 ms
250 3110 322 3176 sim,
339 3112 389 3165 sed
410 3113 463 3182 ipsi
482 3127 593 3183 qnoque
612 3113 731 3166 omnium
750 3112 780 3160 in
799 3128 846 3164 ros
867 3127 912 3162 ora
924 3127 984 3162 cum
1002 3109 1185 3162 admiratione
1203 3124 1271 3160 con·

182 3183 289 3232 versari
308 3183 385 3246 sitis,
403 3184 469 3254 quia
489 3182 676 3251 temporibus,
695 3197 765 3252 quae
784 3183 857 3233 viros
879 3181 1020 3249 explorare
1035 3180 1151 3230 maxime
1169 3178 1270 3241 soleat,

183 3251 315 3304 invictam
349 3255 433 3305 animi
466 3252 679 3317 firmitudinem,
704 3260 735 3303 ut
763 3251 875 3320 dignum
910 3251 978 3310 luit,
1012 3248 1272 3302 demonstraveritis.

183 3322 305 3377 Proinde
331 3340 389 3376 aon
416 3331 527 3390 propter
544 3325 655 3375 illorum
680 3323 827 3374 stultitiam
848 3337 895 3372 vos
914 3320 1033 3388 aliquam
1053 3319 1271 3388 desperationem

184 3392 326 3460 suscipere
345 3392 488 3458 convenit3
512 3411 548 3446 nc
570 3410 603 3444 ue
626 3401 727 3444 sortem
756 3393 912 3454 duriorem,
939 3405 1021 3460 quam
1040 3391 1147 3458 experti
1165 3405 1273 3452 surmus,

185 3459 361 3514 considerare
378 3463 502 3516 debetis:
520 3412 570 3516 sed
585 3462 656 3512 illud
675 3463 766 3531 potius
775 3499 785 3524 ,
799 3460 870 3514 nihil
889 3476 938 3512 uos
957 3477 1005 3528 per
1022 3460 1157 3528 ignaviam
1171 3460 1206 3511 ad
1220 3459 1275 3512 hoc

186 3531 354 3596 contulisse,
374 3541 406 3584 ut
423 3531 548 3586 hostibus
569 3531 666 3584 cedere
681 3531 844 3585 videremur.
882 3531 931 3584 sin
952 3529 1032 3582 nobis
1050 3531 1194 3583 molestum
1216 3538 1275 3594 cst,

189 3601 267 3673 qnod
283 3619 357 3655 nunc
373 3602 538 3657 infortunati
558 3603 677 3665 ininius,
707 3609 736 3652 nt
754 3603 904 3670 cogitemus
923 3603 1004 3662 licet,
1022 3617 1074 3652 nec
1099 3609 1204 3653 veteres
1221 3603 1274 3652 ilo·

188 3687 303 3735 manos,
322 3687 439 3741 qaorum
466 3691 510 3726 res
535 3681 627 3742 gestae
653 3673 770 3724 eximiae
796 3681 825 3722 et
841 3669 1017 3723 admirabiles
1039 3671 1179 3724 bominum
1205 3670 1278 3722 lama

187 3742 354 3813 scriptisque
374 3743 563 3806 celebrantur,
582 3759 689 3810 semper
706 3745 822 3796 invictas
840 3744 988 3802 mansisse,
1012 3742 1160 3812 sedsaepe
1181 3741 1280 3792 multis

188 3812 259 3864 locis
276 3811 422 3864 offendisse
441 3831 473 3865 nc
490 3815 556 3864 tntis
574 3814 739 3865 exercitibus
758 3831 812 3864 una
831 3828 892 3862 cum
917 3810 1033 3863 ducibus
1059 3811 1171 3865 adverso
1189 3813 1280 3866 Marte

190 3881 308 3944 deletis,
335 3882 493 3936 instauratis
512 3883 615 3935 deinde
632 3885 763 3954 proeliis,
790 3883 953 3934 fortitudine
979 3889 1007 3932 et
1024 3883 1160 3950 patientia
1178 3882 1280 3933 bellica

188 3949 319 4005 lsnstibns
335 3969 384 4021 par
401 3954 545 4006 retulisse:
569 3971 621 4005 nec
644 3955 726 4021 magis
745 3953 843 4005 timore
861 3953 1016 4020 perculsos,
1033 3969 1115 4022 quana
1139 3951 1282 4005 iracundia

190 4021 223 4072 in
246 4018 338 4074 hostes
356 4024 502 4086 incitatos,
531 4023 566 4076 ad
593 4023 699 4079 bollum
726 4030 822 4093 postea
840 4023 979 4075 ardentius
999 4022 1164 4076 incubuisse.
1202 4019 1282 4089 Quo·

190 4107 251 4144 rum
270 4108 319 4146 nos
337 4095 440 4162 posteri
458 4111 517 4147 esse
535 4095 694 4164 cupientes.
713 4109 809 4146 eorum
825 4094 952 4146 virtutem
972 4093 1118 4146 imitemur.
1155 4093 1190 4144 Et
1209 4106 1284 4142 nunc

193 4162 308 4288 ηοίάοοι
327 4165 393 4232 quia
417 4162 541 4217 bemincs
559 4181 669 4226 sumus,
689 4179 739 4218 nos
751 4167 867 4216 miseros
886 4181 963 4226 esse,
980 4164 1057 4216 brevi
1075 4170 1164 4216 autem
1184 4163 1284 4214 iterum

207 4232 290 4288 elices
310 4233 455 4290 sebaston
474 4234 533 4292 inre
559 4235 732 4298 arbitremur.
767 4235 877 4293 Etenim
903 4243 932 4290 et
948 4237 1064 4292 maiores
1091 4232 1178 4289 nostri
1195 4225 1286 4300 impe·
