3125 4900
195 831 484 922 lteANNOP
518 832 630 920 Tor
656 833 1206 923 KANTAKOYZHNOY

443 1009 666 1078 tirocinii
684 1013 886 1076 esseron
915 1015 955 1078 r.
997 1013 1010 1038 2

271 1209 583 1308 lOANNIS
614 1202 1122 1314 CANTACUZENI

441 1392 735 1456 antiomenon
756 1395 878 1459 Lmen
908 1398 965 1461 111.

540 1795 856 1856 Pentocnt.

221 1967 277 2022 llic
293 1966 368 2020 liber
383 1968 505 2021 caeteris
520 1968 607 2022 multo
624 1970 735 2030 maior,
762 1985 824 2021 cum
842 1968 970 2040 proximo
988 1968 1132 2037 superiore
1143 1982 1248 2019 eonne-

151 2039 242 2092 ctitur.
283 2039 395 2091 Causae
413 2035 590 2102 indicantur,
609 2057 660 2091 cur
678 2037 837 2102 narranda,
855 2057 928 2108 quae
938 2039 1067 2106 deinceps
1074 2049 1246 2108 sequuntur:

151 2111 259 2162 ueritas
276 2109 458 2178 promittitur·
494 2109 596 2178 Magni
612 2107 756 2163 domestici
781 2113 813 2160 in
834 2111 945 2180 palatio
969 2105 1151 2161 custodiendo
1176 2105 1247 2166 dili·

151 2195 219 2246 gens
233 2180 380 2249 provisio:
405 2195 425 2230 a
447 2194 503 2250 quo
520 2191 548 2232 et
565 2177 674 2232 urbium
689 2182 957 2250 provinciarumque
974 2177 1118 2248 praeficta·
1134 2195 1248 2228 monen-

151 2261 213 2311 tur,
238 2247 364 2321 nequid
383 2249 454 2300 noui
472 2249 621 2317 incipiant.
659 2252 840 2320 imperatoris
858 2249 1015 2301 Andronici
1033 2248 1184 2318 magnifica
1203 2264 1247 2298 se·

150 2323 266 2386 pultura
291 2335 328 2369 ac
351 2335 435 2371 sacra
452 2319 604 2388 fisneraliu
624 2319 700 2388 (Cap.
729 2321 763 2388 s).
806 2318 991 2374 Patriarcltae
1009 2317 1132 2369 ambitio.
1168 2323 1247 2369 Ana·

150 2387 381 2441 tlsemntismusin
398 2406 460 2451 eos,
480 2388 531 2459 qui
550 2402 659 2443 mortuo
679 2392 849 2461 imperatore
869 2389 903 2442 de
918 2387 992 2462 filiis
1009 2391 1068 2441 eius
1089 2391 1162 2439 male
1187 2404 1245 2438 me·

152 2462 270 2513 ruerint.
305 2459 408 2513 lterum
430 2457 464 2511 de
483 2460 634 2514 ambitione
650 2460 841 2531 patriarchae.
875 2463 917 2514 De
936 2460 1062 2511 Sismano
1080 2460 1161 2511 exule
1178 2455 1245 2510 red·

151 2526 245 2581 dendo
270 2529 459 2583 consultatio:
496 2528 613 2583 Cbuenni
629 2533 661 2582 in
677 2529 853 2585 domesticam
872 2530 1065 2584 contumeliae.
1100 2530 1189 2581 binae
1210 2525 1246 2580 de

152 2601 302 2669 transfuga
318 2600 474 2652 sententiae
485 2597 535 2668 (s).
569 2600 721 2653 Domestici
730 2604 760 2653 in
775 2602 935 2670 destinatum
951 2605 1146 2669 Imperatorem
1158 2615 1245 2648 amor.

153 2668 361 2721 Gubernationi
378 2668 509 2721 nuntium
527 2670 636 2725 mittere
649 2674 712 2723 uult
727 2672 777 2742 (b).
814 2670 1006 2742 imperatricis
1030 2670 1192 2719 lacrimatio
1215 2679 1245 2718 et

153 2736 186 2789 de
205 2755 256 2790 sua
277 2736 418 2791 viduitate
428 2738 615 2810 filiorumque
629 2741 749 2795 orbitate
767 2743 952 2813 querimonia.
987 2739 1171 2790 Domesticum
1193 2753 1246 2788 ne-

152 2808 238 2875 glecti
263 2807 351 2878 officii
378 2808 506 2877 coarguit
526 2808 577 2879 (4).
623 2812 666 2862 Ea
693 2824 720 2862 st
737 2812 905 2881 patriarcba
923 2809 1132 2879 praesentibus,
1152 2807 1243 2858 diser-

152 2878 255 2931 tissime
273 2878 456 2945 suspicionem
474 2878 601 2949 affectati
620 2881 730 2947 imperii
747 2902 765 2934 a
782 2900 811 2934 se
829 2882 944 2949 depellit
986 2878 1077 2930 Aliter
1094 2877 1242 2946 adguber-

153 2948 258 2999 nacula
275 2946 429 3001 rediturum
447 2960 549 3017 negat,
569 2950 624 3002 nisi
638 2953 803 3018 imperatrix
811 2952 900 3024 fidem
915 2946 1039 3005 dederit,
1057 2951 1245 2999 calumniato-

151 3018 231 3069 ribus
249 3034 308 3069 non
326 3016 496 3071 credituram
514 3020 561 3086 (5).
598 3024 739 3095 Utrimque
756 3026 876 3075 iuratur.
912 3024 992 3073 iurat
1005 3016 1092 3072 eidem
1114 3017 1243 3086 patriar-

152 3086 220 3139 cbae
238 3087 287 3155 (6).
325 3088 482 3140 Sismenum
503 3090 659 3143 Moesorum
677 3092 738 3159 regi
756 3094 893 3160 repetenti
910 3091 1010 3143 abnuit
1020 3104 1137 3155 magnus
1149 3085 1243 3137 dome·

152 3158 256 3218 sticus,
283 3160 361 3210 cuius
377 3155 530 3227 prudentia
547 3178 575 3211 se
595 3162 706 3221 ingenti
724 3174 799 3212 metu
814 3164 978 3220 liberatam,
1004 3175 1064 3211 cum
1081 3154 1244 3225 proceribus

151 3226 279 3281 laetatur
295 3228 461 3295 imperatrix
476 3226 525 3298 (7).
563 3228 638 3295 Quid
650 3232 764 3284 snilitens
782 3234 936 3302 segniorem
945 3230 1059 3300 fecerit
1101 3224 1243 3277 Patricius

152 3294 266 3365 quidam
283 3296 398 3351 tabellio
415 3295 456 3351 ad
472 3315 548 3349 usum
565 3303 610 3352 rei
619 3300 749 3370 publicae
761 3300 898 3371 grandem
905 3301 1052 3370 pecuniam
1065 3296 1151 3367 offert·
1186 3294 1245 3346 Sti-

149 3364 254 3435 pendia
271 3381 299 3418 et
316 3365 423 3421 reditus
444 3367 560 3421 militum
580 3372 733 3440 explentur.
768 3368 814 3422 Ad
836 3388 957 3438 pugnem
975 3364 1077 3419 ardent
1093 3368 1183 3418 animi
1193 3366 1242 3427 (Β).

152 3436 324 3489 Domenicus
339 3438 543 3506 imperatricem
562 3440 595 3491 de
612 3440 676 3510 filio
694 3444 802 3495 Ioanne
817 3438 979 3492 coronando
991 3450 1083 3490 monet
1098 3450 1125 3488 et
1142 3447 1243 3489 contre

152 3504 357 3560 ratiocinantes
373 3508 485 3577 refutat-
523 3509 630 3577 Lydiae
653 3524 786 3581 satrapae
805 3511 952 3563 Thraciam
969 3510 1128 3560 incursanti
1145 3521 1243 3560 occur*

152 3576 234 3629 ritur.
270 3576 441 3631 Domesticus
459 3580 492 3629 in
509 3578 676 3633 occidentem
689 3580 839 3642 ducturus,
859 3598 919 3633 cum
931 3578 1056 3632 Orobam
1065 3594 1161 3646 pacem
1175 3579 1242 3627 iun-

153 3646 200 3711 git.
238 3648 357 3699 Mentem
376 3649 562 3717 imperatricis
579 3666 613 3701 es
629 3652 795 3720 patriarcba
806 3653 942 3722 explorat
978 3650 1019 3700 Ab
1032 3646 1125 3700 eadem
1138 3644 1237 3699 lauda·

152 3726 199 3765 eur
215 3713 372 3787 blandeque
390 3732 537 3779 monetur,
563 3737 597 3772 ne
618 3739 646 3774 se
673 3722 809 3795 conficiat
831 3725 919 3773 tantis
946 3718 1105 3779 laboribus,
1133 3734 1188 3769 neu
1207 3713 1242 3766 de

152 3798 257 3855 sumptu
279 3805 329 3839 suo
353 3801 455 3857 eroget.
490 3792 645 3860 Eleganter
659 3790 823 3861 respondet,
846 3806 877 3844 ut
897 3793 956 3843 viri
978 3790 1111 3841 uirtutem
1138 3802 1243 3853 eogno-

152 3871 221 3907 scas.
259 3859 397 3922 Byzantio
415 3874 476 3911 cuin
496 3863 584 3929 copiis
602 3860 720 3914 discedit
728 3863 775 3931 (9).
812 3864 859 3916 Ee
874 3861 989 3915 urbibus
1006 3857 1145 3911 straciae
1158 3873 1242 3908 sena-

152 3936 226 3977 tores
242 3939 270 3977 et
287 3926 431 3995 praesidia
450 3926 490 3981 ad
505 3931 707 3997 expeditionem
724 3946 888 3986 evocantur.
926 3934 1036 3983 Moesus
1051 3926 1172 3997 foedere
1196 3929 1241 3977 in·

153 3993 258 4047 novat'o
282 3993 390 4049 domuss
417 3998 481 4051 abit·
526 4002 628 4053 Persae
647 4002 845 4071 praedabundi
863 4000 940 4071 apud
956 4000 1153 4053 Chersonesum
1173 4012 1240 4045 coe·

153 4061 272 4144 {mulli
285 4066 440 4131 sllssanlltr-
476 4070 660 4135 Apoceuclius
682 4073 833 4139 tyrannidi
853 4070 967 4124 studens
1003 4064 1242 4137 deprehendissem

155 4150 287 4185 snnrress
305 4155 382 4189 suam
389 4140 527 4206 Epibetes
537 4141 670 4209 confugit.
706 4146 889 4197 Domesticum
906 4142 940 4195 de
953 4158 1046 4194 mum
1057 4140 1242 4191 bumanorum

155 4205 338 4261 musaeittuse
346 4206 485 4265 admonet.
496 4210 568 4263 Eius
574 4213 650 4279 pium
659 4213 819 4267 acsolidum
829 4228 987 4284 responsum
998 4212 1062 4279 (so).
1083 4210 1181 4262 Latini
1189 4206 1242 4256 lle·

154 4272 337 4343 ltpomsenses
355 4296 383 4335 ss
400 4280 554 4337 subiiciunt
572 4300 632 4336 cnm
654 4282 880 4341 conditionibus:
901 4300 1020 4357 quorum
1035 4282 1125 4353 legati
1144 4295 1164 4332 a
1187 4273 1242 4333 de·-
