3125 4900
275 230 326 286 Μ
666 233 946 304 ῦλΝΤλΟΗΖΕΝΙ

123 386 152 439 Δ.
163 387 191 440 c.
204 388 250 457 ι34
256 407 264 442 ι
265 379 329 464 χής
336 376 414 462 πρός
426 402 463 445 τε·
469 381 654 468 βαρβάρους
666 388 812 468 πολεμῶν
819 385 876 452 καλ
881 383 961 472 πρὸς
968 383 1041 464 τοδς
1051 389 1186 465 οδκεέους
1195 387 1352 454 διετέλεσε

245 477 534 563 Βπολιτευάμενος,
564 483 704 548 ἐνταῦθα
731 484 933 572 ἐτελεύτησε,
973 485 1029 552 sol
1053 482 1074 572 ή
1103 481 1253 574 πράλεσις
1273 489 1352 573 ἡμῖν

269 581 369 662 πέρας
395 577 525 664 ἔσχηκεν
553 581 574 666 ή
602 585 774 668 έξαρχής,
798 582 901 652 πάντα
927 583 988 653 σάν
1018 587 1162 677 άκριβεδρ
1194 587 1249 652 καὶ
1265 586 1348 669 μετά

270 677 421 762 άληθειλκς
445 678 669 763 άπαγγειλασιν
699 682 744 762 aig
773 685 907 768 ἐγένετο.
953 685 1025 749 έπεί
1047 687 1083 750 δέ
1101 683 1184 769 μετά
1204 685 1260 770 τήν
1276 685 1351 752 Ἀν-

271 773 415 860 δρονέκου
429 779 485 842 τοῦ
497 779 568 847 νέου
582 781 730 865 τελευτήν
758 781 775 847 ὅ
794 784 1015 867 χαλεπώτατος
1036 787 1100 851 τάν
1123 785 1246 850 πάντοτε
1270 788 1373 868 μνη-5

269 879 486 957 μονευομένων
512 886 577 954 τοῖς
604 879 774 962 Ῥωμαίοις
795 880 875 969 πράς
899 884 1054 968 ἀλλήλους
1074 885 1207 968 πόλεμος
1225 883 1353 972 άνερῥι-

270 975 395 1059 πδσθη,
423 969 457 1052 ὃς
485 975 591 1060 ὀλίγου
620 979 686 1043 δεῖν
713 979 818 1046 πάντα
848 982 1048 1068 άνστέτραφε
1077 980 1132 1047 καὶ
1158 977 1354 1068 διέφθαρκε,

270 1069 327 1136 καὶ
355 1069 414 1156 τήν
452 1073 628 1154 εὐδαίμονα
657 1075 713 1143 κατ’
740 1077 880 1164 μεγάλην
908 1082 972 1145 τάν
996 1079 1162 1162 Ῥωμαίων
1186 1079 1356 1164 βασιλείαν

271 1167 504 1256 ἀσθενεστάτην
540 1174 597 1238 κατ’
630 1169 735 1261 ὥσπερ
763 1173 893 1242 εἴδωλον
934 1178 1078 1258 άπέδειξε
1102 1181 1158 1264 τής
1181 1179 1354 1264 προτέρας,

271 1270 439 1350 α’ναγκαῐον
458 1268 565 1358 ᾠήθην
585 1275 642 1340 καί
657 1272 698 1338 τά
718 1272 798 1341 κατά
817 1279 927 1342 τοῦτον
944 1275 999 1343 τὸν
1017 1276 1154 1359 πόλεμον
1165 1279 1400 1362 γεγενημένονορ

270 1365 502 1455 έξηγήσαοδαι,
544 1371 584 1435 οδ
611 1371 706 1454 μόνον
733 1373 774 1440 ἵν’
793 1375 904 1441 εἰδεῖεν
924 1377 953 1440 ot
971 1380 1157 1458 μετέπειτα,
1189 1371 1273 1441 dour
1297 1399 1355 1438 κα-

242 1473 335 1534 cantv
354 1469 453 1545 αἴτιος
483 1465 501 1534 δ
530 1468 669 1557 φθόνος,
702 1471 739 1536 οδ
769 1470 845 1550 τοάς
875 1478 1114 1561 φθονουμένους
1132 1473 1247 1558 μόνον,
1270 1472 1354 1538 άλλά

272 1567 327 1634 καί
344 1567 463 1644 adroic
487 1569 685 1655 ἕξαραυιζων
705 1570 781 1649 susle
801 1575 1021 1659 φθονοῦντας,
1055 1570 1161 1658 ὥσπερ
1181 1571 1237 1639 τὸν
1265 1575 1358 1658 σι’δηο

184 1695 191 1701 ·
275 1692 332 1756 ρον
360 1669 377 1736 ά
406 1671 439 1746 ἔξ
466 1671 567 1734 edroi
597 1671 776 1752 τικτόμενος
802 1668 870 1749 ι’άς,
894 1668 961 1736 ἀλλ’
982 1675 1037 1738 lua
1056 1671 1112 1738 καδ
1131 1672 1227 1737 αὐτοὶ
1249 1670 1279 1736 οῖ
1298 1674 1359 1738 νῦν

272 1779 337 1848 τοῖς
357 1772 521 1854 πράγμασι
541 1769 695 1853 παρόντες
714 1768 853 1853 τάληθὲς
872 1768 992 1835 εἰδέναι
1010 1768 1129 1856 ἔχητε,
1145 1775 1201 1836 κατ’
1219 1767 1263 1854 μή
1284 1779 1400 1847 ruffi

272 1869 391 1950 έλξαδεν
413 1863 555 1953 φήμαις,
577 1865 659 1950 μηδὲ
677 1871 743 1940 τοῖς
761 1871 839 1951 παρ’
856 1860 1011 1951 ἑκατέραν
1026 1869 1091 1932 τῶν
1110 1870 1216 1954 μερῶν
1237 1863 1258 1952 ἢ
1281 1863 1359 1932 ἑαυ-

271 1975 339 2043 τοῖς
363 1967 585 2050 χαριζομένοις
622 1954 645 2048 ή
672 1961 747 2038 τούς
775 1963 936 2042 έναντάιυς
956 1964 1166 2049 διαβάλλωσι
1186 1967 1361 2051 προσέχον-

271 2087 324 2142 τες
338 2062 605 2151 δρυλλουμένοις,
626 2062 813 2148 παράγησθε
827 2061 1006 2144 δοξάζοντες
1019 2063 1059 2129 τά
1072 2063 1117 2150 μή
1138 2057 1228 2135 ὄντα.
1268 2058 1361 2141 άξιον

271 2167 316 2234 δέ,
330 2163 412 2248 μετά
432 2161 594 2248 άκριβεέας
615 2161 689 2244 ἐμοὶ
707 2165 873 2246 προσέχειν
893 2165 949 2228 καί
966 2163 1012 2248 μή
1032 2167 1207 2251 παρέργως.
1248 2161 1281 2229 οἱ
1297 2166 1360 2246 μὲν

270 2262 332 2349 γάρ
358 2257 448 2328 ἄλλοι
468 2261 600 2343 πάντες,
630 2264 661 2326 εἰ
689 2263 733 2345 δή
759 2285 842 2340 τινες
872 2255 935 2327 εἷεν
954 2259 985 2328 οἱ
1005 2262 1265 2348 συγγραψάμενοι
1284 2266 1403 2350 παρέω

267 2364 365 2428 Ιτοῦδε
387 2363 445 2425 τοῦ
465 2364 625 2444 πολέμου,
647 2355 668 2446 ή
689 2359 890 2427 παντάπασιν
908 2358 1041 2438 άπάντες
1060 2365 1123 2427 τάν
1142 2359 1359 2449 πραγμάτων,

270 2458 332 2529 ὅσα
352 2454 373 2549 ἢ
395 2454 488 2547 άχλος
508 2458 525 2526 ά
541 2461 687 2547 δημώδης
708 2461 889 2547 διεθράλλει
902 2454 924 2547 ή
934 2486 1013 2540 τινες
1031 2466 1133 2547 ἕτεροι
1154 2456 1362 2547 εἰσήγγελλον,

239 2562 368 2629 Desidia
395 2566 497 2650 σαφές
529 2557 644 2639 εἰδότες
667 2564 742 2649 περὶ
771 2566 1044 2649 τῶνγινομένυκ,
1073 2556 1126 2629 οἷα
1147 2563 1364 2649 παρεδέξαντο

347 2732 388 2787 ¹7·
408 2715 605 2787 προσέχοντας
621 2714 647 2767 Ρ.

274 2851 412 2917 habuerit,
432 2851 487 2905 hue
508 2868 594 2925 usque
612 2870 628 2905 a
645 2852 726 2906 nobis
744 2852 910 2922 explicatum
939 2858 981 2904 est
1007 2858 1037 2904 et
1061 2853 1194 2923 promissa
1218 2851 1253 2904 ab
1276 2852 1364 2906 initio

274 2931 448 2985 conservata,
476 2924 540 2977 dum
557 2930 681 2976 accurate
700 2930 728 2977 et
747 2940 826 2988 vere,
858 2932 890 2976 ut
913 2924 1104 2991 contigerunt,
1136 2924 1228 2975 omnia
1249 2923 1361 2975 littera-

274 3010 336 3047 rum
357 2996 540 3047 monumentis
568 2993 703 3063 complexi
735 3010 835 3047 sumus.
879 2993 934 3045 Sed
959 2992 1091 3065 quoniam
1115 3000 1182 3063 post
1207 2992 1360 3045 Andronici

274 3065 391 3115 minoris
408 3081 441 3117 ει
458 3062 509 3115 lrae
527 3065 589 3117 luce
603 3064 792 3133 migrationem
817 3064 921 3116 bellum
939 3062 1062 3115 omnium
1083 3071 1221 3135 quotquot
1239 3078 1362 3133 unqusm

274 3132 377 3186 litteris
405 3139 568 3188 exstiterunt
589 3134 848 3202 perniciosissimum
873 3135 946 3189 inter
961 3136 1092 3186 Romanos
1114 3134 1189 3202 ipsos
1207 3132 1362 3186 inflamma-

275 3210 413 3257 tumeat:
440 3205 514 3257 uude
531 3205 728 3275 propemodum
758 3207 850 3257 omnia
872 3212 1005 3273 prostrata
1033 3211 1062 3255 et
1087 3220 1180 3256 eversu
1203 3204 1363 3271 perierunt,

278 3288 311 3323 ao
330 3272 440 3326 beatum
457 3274 570 3328 illudet
587 3276 706 3347 amplum
731 3276 876 3345 imperium
901 3273 1111 3329 imbecillimum
1128 3281 1158 3326 et
1173 3271 1259 3325 veluti
1276 3272 1363 3324 simu·

277 3343 378 3395 lacrum
419 3344 556 3413 quoddam
593 3352 621 3399 et
657 3346 754 3397 umbra
788 3353 894 3398 tantum
921 3346 1019 3413 prioris
1049 3344 1155 3405 evasit,
1177 3344 1363 3396 necessarlum

279 3413 447 3477 existimavi,
471 3416 554 3465 etiam
580 3432 614 3469 eo
630 3417 689 3482 ipso
707 3424 863 3485 perpetrata
880 3423 1041 3467 contexere:
1068 3414 1230 3467 nouaclum
1256 3422 1288 3465 ut
1309 3430 1364 3481 po-

279 3485 388 3535 steritas
413 3494 572 3553 eognoscat,
597 3494 727 3553 quantam
754 3488 807 3537 uim
830 3480 1062 3538 incommodorum
1088 3483 1193 3537 invidis
1214 3485 1365 3553 importare

279 3555 386 3615 soleat,
412 3569 483 3624 quae
504 3564 560 3608 tam
582 3554 651 3619 sibi,
674 3572 754 3626 quam
774 3556 855 3622 aliia,
883 3557 967 3609 instar
989 3552 1122 3622 rubiginis
1146 3571 1180 3607 ex
1206 3554 1266 3623 ipso
1289 3552 1366 3605 ferro

280 3626 417 3676 nascentis
436 3626 593 3695 ferrumque
613 3629 808 3690 consumentir,
828 3626 945 3679 exitiosa
966 3633 1020 3677 est:
1039 3624 1180 3675 sedetiam
1192 3632 1366 3692 utpraesen-

279 3701 323 3746 tes
341 3694 478 3760 habeant,
508 3696 581 3748 uude
605 3700 746 3749 veritatem
771 3698 940 3766 percipiant}
970 3712 1006 3746 ne
1036 3694 1186 3763 peregrinis
1206 3692 1363 3746 rumoribus

281 3780 349 3815 neve
369 3766 419 3827 iis,
447 3784 517 3833 quae
545 3763 580 3817 ab
606 3774 722 3837 utraque
747 3775 824 3836 parte
850 3768 893 3817 vel
911 3765 944 3817 arl
965 3782 1042 3815 suum
1067 3763 1148 3816 decus
1175 3781 1225 3834 per
1249 3764 1364 3835 gratiam

279 3836 325 3887 vel
342 3834 377 3885 ad
394 3835 607 3889 adversariorum
626 3836 743 3889 dedecus
762 3855 811 3905 per
827 3835 988 3888 calumniam
1007 3833 1238 3895 disseminantur,
1258 3836 1363 3886 tnimos

280 3906 453 3957 advertentes
477 3907 726 3971 circumducantur,
754 3907 822 3959 salsa
840 3920 889 3975 pro
908 3906 978 3956 veris
1000 3906 1153 3973 opinantes.
1189 3904 1249 3956 Erit
1271 3910 1364 3955 autem

280 3992 379 4045 operae
399 3977 517 4043 pretium
535 3996 590 4033 uon
609 3980 769 4039 oscitanter-5
789 3976 838 4028 sed
855 3974 977 4028 studiose
993 3974 1062 4027 mihi
1081 3974 1146 4026 dare
1159 3990 1276 4044 operam.
1293 3972 1364 4023 Nam

281 4046 383 4098 caeteri
403 4062 514 4111 omnes,
534 4048 557 4099 si
576 4048 626 4117 qui
646 4049 726 4102 huius
747 4046 816 4099 belli
831 4045 975 4098 historiam
987 4054 1213 4115 composuerunt,
1229 4050 1278 4095 aut
1295 4058 1364 4095 neu·

279 4114 385 4187 tiquam
403 4117 600 4175 interfuerunt:
620 4134 747 4192 quaeque
765 4118 822 4173 slve
837 4114 987 4170 multitudo
1004 4116 1144 4188 popularis
1162 4115 1219 4169 sive
1238 4114 1286 4166 alii
1299 4110 1364 4184 qul-
