3125 4900
382 312 471 419 484
595 346 598 357 ·
775 330 1058 405 murionum

236 486 656 593 no.1aq‹tyoeyarrrtno;,
680 490 801 577 πικρόός
820 489 876 558 καί
896 487 1118 577 ἀπανθρώπως
1138 488 1354 573 κολαζόντων,
1382 479 1472 567 οότος

382 600 447 669 τοῖς
476 592 788 673 συλλαμβανομένας
814 592 851 655 ἐκ
878 593 942 657 rur
968 592 1204 676 προσκειμένων
1223 590 1369 672 βασιλίδι
1410 615 1473 653 πα-

356 767 359 779 .
383 692 508 779 ρείχετο
525 690 581 755 καί
596 689 698 775 δῶρα,
715 694 771 756 καί
782 688 861 777 πρός
880 687 992 776 όβρεις
1011 686 1150 776 αἰσχρός
1169 690 1225 755 καί
1243 690 1473 771 ἀνελευθέρως

356 785 421 856 nod
441 790 540 874 μόνον
559 788 685 855 ἐκείνων
703 790 954 874 τετραμμένων,
975 785 1058 853 α’λλοὶ
1072 787 1129 853 καί
1138 786 1213 864 τοὺς
1232 780 1348 863 ἄλλους
1369 783 1471 850 ἅπαν

381 914 439 967 τος
458 892 708 972 ἐκκαλουμένων,
741 880 834 966 οὗτος
860 891 966 954 πᾶσαν
995 890 1170 975 αόστηρίαν
1193 890 1413 965 ἐπεδείκνυτο,
1444 878 1489 947 εὖ

381 1013 431 1065 τις
453 986 635 1077 πατριάρχη
656 984 678 1074 ἢ
696 988 822 1077 μεγάλῳ
846 986 940 1053 ἐουκί
957 980 980 1073 ἢ
1005 984 1101 1077 ἑτέρῳ
1122 984 1363 1073 τοόνοῖρχόντων
1376 978 1472 1069 όβριν

380 1090 549 1172 ἐπενέγκοι.
591 1089 742 1170 βασιλόλα
769 1086 835 1172 γοὶρ,
857 1086 910 1152 αἐί
928 1090 985 1151 καί
1002 1087 1137 1169 βασιλέα
1164 1083 1220 1152 τόν
1238 1084 1313 1151 υἱόν
1331 1081 1388 1148 διό
1412 1079 1472 1147 πό-

380 1212 439 1273 σης
458 1179 531 1272 ἦγον
551 1181 723 1274 εὐφημίας,
749 1186 852 1251 ednod
872 1183 1070 1267 κελεόοντος,
1093 1181 1201 1271 ὥσπερ
1225 1179 1266 1250 όν
1284 1187 1315 1249 εί
1332 1180 1380 1267 μὴ
1392 1180 1472 1269 πρός

382 1288 521 1362 ἐκείνους
543 1288 741 1371 ἐπολέμουν,
764 1284 834 1349 ἀλλ’
846 1283 1053 1363 ὕπ’έκειλους
1076 1278 1160 1370 ἦσαν
1179 1286 1377 1366 τεταγμένοι.

354 1390 377 1445 C
471 1382 528 1469 oq'.
568 1382 729 1460 Βασιλεός
750 1385 786 1449 δέ
807 1384 877 1451 ἐπεί
894 1383 954 1460 τός
972 1380 1051 1449 nurui
1074 1381 1134 1469 τὴν
1152 1382 1239 1449 κάτω
1261 1381 1392 1469 Θρᾴκην
1414 1375 1506 1445 ard-1⁰

380 1490 446 1561 λεις
459 1482 547 1570 ,πλὴν
570 1480 684 1567 όλίγων
704 1482 918 1567 ὑπεποιήσατο
948 1481 1095 1567 ἁπάσας,
1129 1484 1185 1548 ἐπί
1208 1477 1267 1567 τὴν
1297 1476 1476 1565 Ἀδριανοῦ

381 1580 515 1669 ἐχοόρει,
552 1580 607 1649 καί
632 1580 755 1667 Βιζόην
784 1580 841 1647 καί
857 1582 916 1658 τός
933 1582 1033 1668 μέχρι
1052 1580 1178 1647 Πόντου
1199 1580 1256 1646 καί
1276 1574 1391 1644 ἐκάκου
1418 1604 1475 1643 κα-

380 1682 546 1769 τατρέχων
588 1678 644 1747 καί
677 1679 859 1766 ληϊζόμενος
886 1677 932 1766 μὴ
953 1677 1216 1766 προσχωρούσας.
1257 1680 1473 1765 προσπέμπων

351 1784 426 1847 1)όέ
443 1785 499 1848 καί
525 1780 634 1867 κρόφα
665 1780 821 1863 διελέγετο
840 1774 1003 1859 τοῖςοόσι
1025 1778 1148 1866 φίλοις,
1169 1776 1205 1845 έν
1231 1782 1272 1867 τῇ
1296 1772 1476 1864 Ἀδριανοῦ

380 1884 418 1948 dl
440 1878 595 1967 πρότερόν
613 1902 648 1946 τε
670 1872 753 1964 ἦσαν
773 1878 832 1943 οόκ
847 1878 968 1963 όλίγοι,
992 1881 1049 1946 καί
1060 1874 1129 1945 τότε
1141 1880 1320 1961 ἐπεγένοντο
1333 1872 1507 1961 όριόντεςιό

380 1972 443 2065 ἤδη
465 1978 523 2063 τὴν
547 1980 715 2061 Ῥωμαίων
737 1976 907 2062 ἡγεμονίαν
930 1976 1012 2064 πρός
1037 1980 1157 2045 ἐκεῖνον
1181 1978 1415 2058 όποκλίνασαν,
1446 1974 1478 2039 οἳ

381 2080 438 2144 καί
449 2080 629 2161 πέμψαντες
643 2074 795 2158 ἐκόλουν,
809 2076 852 2153 σός
864 2075 1053 2161 δυνάμενοι,
1074 2079 1106 2144 τί
1122 2073 1218 2160 μόνον
1237 2070 1356 2161 &quelq
1365 2126 1377 2158 ,
1396 2079 1476 2157 μιᾶς

380 2180 445 2244 τοῖν
472 2177 581 2241 πολῶν
617 2174 831 2260 κρατήσαντες
862 2172 1000 2259 εἰσάγειν
1026 2178 1073 2262 είς
1097 2173 1154 2261 τὴν
1175 2174 1278 2241 πόλιν.
1317 2172 1475 2257 βασιλεός

382 2276 419 2341 dl
450 2272 570 2350 αότοός
597 2275 653 2358 τῆς
681 2276 865 2358 προθυμίας
892 2275 1062 2351 ἐπαινέσας
1099 2277 1157 2340 καί
1190 2274 1244 2359 τῆς
1272 2274 1402 2348 εόνοίας
1420 2274 1476 2357 τῆς

382 2372 460 2460 περί
483 2368 603 2454 αότόν,
632 2368 757 2436 ἐκέλευε
788 2370 834 2459 μὴ
854 2370 1006 2460 πρότερον
1029 2376 1220 2460 ἐπιχειρεῖν,
1252 2372 1327 2458 πρίν
1356 2374 1509 2437 turmo

382 2468 478 2539 ἴδωσι
497 2479 564 2548 τοῖς
584 2471 724 2554 τείχεσιν
743 2469 950 2559 ἐφεστηκότα.
974 2474 1092 2539 ἐδεδίει
1111 2471 1193 2560 γὰρ,
1213 2473 1271 2558 μὴ’
1284 2471 1476 2559 κατόφωροι

382 2572 600 2656 γεγενημένοι,
631 2573 717 2658 σφοῖς
747 2594 783 2636 τε
811 2565 932 2648 αότοός
961 2569 1019 2638 καί
1048 2569 1108 2658 τὴν
1128 2576 1246 2659 πρᾶξιν
1265 2565 1475 2639 ἇπολέσωοιν.

457 2749 495 2788 to·
515 2728 590 2784 κότον
605 2699 702 2786 obuli.

383 2845 733 2987 lttmttltttltlttit
752 2847 1473 2992 ttlt‘ttlttlltdlttttttttmlttl'{tt

384 2988 456 3042 dona
483 2987 659 3058 largiebatur.
704 2989 832 3059 Cumque
855 2991 898 3042 illi
915 2991 951 3041 ad
977 2990 1059 3044 foeda
1081 3000 1109 3043 et
1126 2992 1275 3044 illiberalia
1300 2993 1425 3046 convitia
1445 3000 1474 3043 et

384 3060 439 3131 lpai
460 3065 699 3122 converterentur,
728 3067 758 3111 et
781 3060 851 3110 alloa
874 3076 968 3114 omuea
991 3061 1154 3115 incitarent:
1179 3064 1265 3126 buno,
1294 3064 1319 3113 ri
1337 3065 1404 3134 quir
1425 3072 1473 3114 aut

384 3131 416 3183 ln
442 3129 622 3199 patriarcham
651 3136 699 3180 aut
725 3131 754 3182 iu
782 3145 911 3196 magnum
935 3131 1032 3184 ducem
1057 3140 1106 3184 aut
1123 3131 1207 3184 alium
1230 3133 1266 3185 de
1289 3131 1473 3187 archontibus

384 3201 610 3254 contumeliosiua
636 3199 777 3269 quippiam
801 3199 933 3264 dirioret,
958 3203 1158 3254 aeveriaeimnm
1178 3201 1381 3271 experiebatur.
1418 3205 1475 3254 Ina·

406 3271 546 3323 oratricem
565 3283 674 3350 quoque
693 3278 721 3320 et
742 3269 802 3320 elur
820 3269 907 3322 lilium
924 3271 1125 3341 imperatorem,
1142 3278 1202 3341 ipro
1219 3275 1346 3336 iubente,
1364 3290 1475 3342 aemper

385 3289 663 3393 bonorificentissime
679 3338 875 3407 appellabant,
907 3342 995 3395 veluti
1011 3344 1036 3396 ai
1053 3359 1111 3396 nou
1128 3352 1223 3395 contu
1243 3343 1327 3408 ilion,
1352 3344 1404 3396 aed
1424 3361 1474 3412 pro

383 3411 442 3464 illia
462 3411 491 3462 in
507 3423 600 3461 eorum
618 3411 739 3460 exercitu
759 3409 918 3464 militarent.

454 3484 496 3550 7⁸·
533 3480 692 3548 Imperator,
722 3477 857 3531 'l'lrraeiae
881 3479 997 3534 urbibna
1013 3491 1122 3552 praeter
1148 3501 1247 3553 paucae
1263 3485 1316 3536 rub
1334 3483 1474 3538 ditionem

384 3550 519 3611 redactio,
539 3565 632 3600 verane
655 3547 864 3618 Adrianopolim
883 3559 911 3603 et
928 3553 1038 3624 lllzyam
1071 3568 1198 3625 quaeque
1216 3555 1252 3607 ad
1270 3555 1388 3607 Pontum
1408 3571 1473 3625 per·

384 3623 477 3682 tinent
493 3620 643 3687 proiectus,
664 3625 802 3693 quotquot
821 3637 850 3673 ae
870 3619 972 3674 dedere
991 3623 1100 3677 nollent
1115 3625 1328 3694 praedabundna
1348 3627 1474 3677 incurra-

384 3689 441 3742 bat.
486 3689 641 3742 Praemiaria
666 3705 728 3742 vero
755 3691 861 3743 occulte
887 3693 1085 3756 internuntiir,
1118 3711 1179 3746 cum
1205 3695 1301 3747 amicir
1325 3699 1473 3765 negotium

383 3775 463 3811 nuum
488 3757 602 3825 agebat,
631 3773 748 3829 quorum
773 3767 803 3812 et
825 3769 908 3814 antea
932 3762 1111 3834 Adrianopoli
1137 3781 1194 3816 uon
1221 3767 1301 3835 pauci
1327 3775 1426 3828 erana,
1446 3772 1475 3816 et

382 3837 456 3892 tum,
474 3829 549 3898 quod
566 3829 711 3896 imperium
731 3829 881 3884 Romanum
900 3833 936 3886 ad
953 3834 1034 3888 illum
1052 3835 1186 3886 inclinare
1203 3835 1474 3894 animadvertebant,

380 3901 473 3970 plures
492 3899 662 3952 exstiterunt.
699 3899 860 3968 Quinimmo
878 3902 1054 3957 accersebant
1070 3921 1148 3968 eum,
1166 3911 1198 3954 ut
1219 3908 1267 3974 qui
1290 3914 1427 3975 portent,
1449 3905 1475 3956 ai

380 3968 463 4022 modo
490 3977 654 4037 appareret,
681 3986 735 4022 una
759 3985 900 4039 penarum
919 3983 1051 4043 occupata
1069 3983 1098 4026 et
1117 3981 1227 4042 aperta,
1249 3976 1327 4027 illum
1348 3979 1377 4027 in
1399 3976 1472 4028 ciri·

379 4048 465 4092 tatem
484 4038 666 4090 introducere.
704 4039 863 4110 Imperator,
884 4044 1039 4111 praedicata
1056 4061 1151 4098 eornm
1170 4061 1306 4114 propenaa
1322 4047 1472 4098 voluntate

378 4109 501 4178 actioque
520 4107 627 4175 gratiia,
646 4108 790 4172 hortatur,
807 4127 842 4163 ne
881 4115 930 4164 uid
946 4115 1023 4184 priua
1041 4115 1201 4183 inceptem,
1219 4132 1302 4182 qnam
1321 4116 1416 4185 iprum
1436 4115 1471 4166 ad

377 4181 489 4233 moenia
515 4179 696 4246 conspiciant.
736 4179 865 4234 Formlda
904 4188 916 4233 t
946 4200 1083 4254 namque,
1114 4201 1150 4237 ne
1177 4185 1346 4254 deprebenri
1455 4201 1471 4236 e

375 4251 574 4322 negotiumque
592 4247 752 4320 perderent:
771 4257 800 4304 et
816 4251 900 4306 simul
914 4252 951 4307 de
969 4252 1016 4308 die
1032 4255 1172 4321 convenit,
1192 4272 1249 4329 que
1266 4263 1298 4310 et
1313 4203 1474 4328 ipram
