3125 4900
347 276 424 378 τάν
597 254 610 339 Ϊ
742 294 1022 367 muriceam!

194 469 256 527 λθ.
268 470 329 540 altr
343 460 418 535 ζονα
438 455 495 538 την
521 454 654 519 ἀτοπίαν
674 455 847 537 έξαχθάσι,
868 452 934 519 τότ’
951 446 1014 538 ἤδη
1036 450 1110 539 arpi
1126 454 1189 519 τάν
1206 460 1363 540 μεγίσταν
1382 461 1422 545 ἧ-

340 564 406 638 μῖν,
427 553 466 618 οά
488 552 564 638 περὶ
580 551 746 637 τοισότων,
773 556 971 640 προκειλτεται
989 559 1132 617 σκοπεῖν·
1162 549 1236 621 olor·
1262 552 1424 646 ε’ξάμφο·

340 658 440 737 τέρων
468 653 520 715 δεῖ
543 653 607 715 τεόν
626 656 836 736 γεγενημένων
856 660 1063 737 καταφρονεῖν
1082 654 1138 715 καῖ
1155 652 1200 736 μὴ
1224 654 1268 730 αῖς
1284 662 1361 739 περί
1374 684 1424 723 τι-

340 777 404 817 νων
425 752 602 835 ἀναγκαίων
621 754 864 835 θορυβεῖσθαι.”
904 752 1017 826 ἐκεῖνος
1036 754 1096 831 μὲν
1109 748 1151 833 dri
1165 757 1299 817 τοιαῦτα
1314 754 1423 837 εἰπάν,

340 854 517 916 κατέπαυσε
536 848 594 934 τὴν
612 849 765 935 ταραχὴν,
787 851 912 916 πάντων
931 848 1111 931 εὐξαμένων
1131 852 1178 925 είς
1198 846 1338 934 ἀγαθόν,
1359 850 1446 921 oio-5

309 954 402 1035 carp
433 946 556 1033 εἴρηκεν
584 946 696 1028 αὐτὸς,
725 950 911 1030 ἀποβαίνειν
940 945 979 1013 τά
1009 944 1159 1032 παρόντα,
1179 948 1236 1013 καί
1252 948 1300 1037 μὴ
1319 948 1426 1038 ὅσπερ

340 1054 376 1113 εἰι
395 1053 460 1114 τάν
478 1050 700 1133 πραττομένων
724 1042 951 1130 ἀναγκάζονται
970 1046 1187 1129 στοχάζεσθαι
1199 1048 1299 1114 αάτοί.
1340 1047 1426 1116 orirer

340 1151 399 1230 μέν
426 1142 484 1211 adv
512 1149 625 1211 ε’κεῖναι
652 1147 889 1211 κατεστέλλοντο
908 1148 967 1210 τοῦ
987 1150 1208 1232 θορυβεῖσθαι.
1248 1152 1376 1230 βασιλὶς
1394 1153 1427 1217 δ’

339 1246 410 1311 ἐπεῖ
432 1244 536 1327 μάθοι
560 1243 601 1309 τά
627 1243 703 1329 περὶ
726 1240 803 1320 roric
822 1246 971 1329 πρέσβεις
991 1246 1200 1331 εἰργασμένα,
1227 1244 1308 1333 πρὸς
1327 1246 1426 1335 σ’ργὴν

339 1368 374 1411 τε
404 1346 540 1408 ε’ποιεῖτο
571 1344 627 1407 καί
656 1342 797 1407 aaran
831 1340 1004 1419 ἀποδόντας
1029 1340 1068 1407 τά
1098 1346 1317 1427 διηρπασμένα
1337 1340 1469 1431 άγεινισ

339 1441 420 1529 πρός
440 1440 549 1526 adala
593 1439 663 1506 ἐπεὶ
681 1444 717 1505 ἀὲ
737 1434 903 1526 ἤχθησαν,
924 1440 1122 1527 πατριάρχου
1144 1467 1181 1506 τε
1198 1447 1254 1507 καί
1276 1447 1339 1510 τῶν
1358 1453 1427 1511 λοι-

338 1546 406 1609 aar
437 1544 650 1626 συγκλητικῶν
680 1538 862 1625 παρόντων,
891 1542 945 1609 tut
962 1545 1019 1625 τῆς
1037 1543 1201 1623 βασιλίδος
1217 1542 1294 1619 τσάς
1312 1548 1427 1629 λόγους

337 1648 394 1727 τῆς
420 1645 589 1725 πρεσβείας
616 1642 779 1707 έπσιοόντο
800 1643 857 1707 καί
877 1644 981 1715 eddela
1000 1644 1047 1706 ἐπ’
1067 1641 1174 1705 odeat
1192 1646 1255 1707 τῶν
1276 1644 1425 1725 ἀξιουμέ-

338 1766 401 1808 νων
429 1743 525 1824 ἐπῆγε
556 1742 700 1823 μέμψιν,
737 1743 805 1805 ἀλλ’
831 1741 963 1806 ἐδόκουν
988 1742 1068 1804 πᾶσι
1091 1741 1198 1806 ἀίκαια
1227 1742 1423 1827 πρεσβεόειν.

337 1838 459 1905 έάέσντό
469 1864 501 1904 τε
516 1839 573 1902 καί
580 1842 743 1920 βασιλίδος
754 1838 810 1902 καί
818 1838 1015 1924 πατριάρχου
1027 1838 1056 1902 oi
1069 1846 1270 1923 πρεσβευταί,
1286 1840 1332 1926 μη
1347 1840 1468 1925 μέλ-15

337 1946 402 2003 λειν
429 1940 503 2022 περί
522 1935 713 2021 πραγμάτων
733 1934 911 2021 ἀναγκαίων
917 1990 927 2020 ,
956 1936 1036 2001 ἀλλά
1056 1947 1189 2021 ταχεῖαν
1206 1943 1263 2023 τὴν
1284 1939 1424 2027 ἀιόρθω-

338 2062 389 2103 σιν
417 2040 591 2100 ποιεῖσθαι.
632 2032 652 2119 ἦ
674 2038 708 2101 ἀὲ
730 2030 770 2119 ἦν
791 2036 959 2119 γράμμασι
977 2035 1031 2101 τόν
1049 2040 1148 2121 μέγαν
1170 2041 1356 2120 ἀομέστικον
1377 2043 1424 2118 εἰς

306 2131 539 2218 Βάικαστήριον
555 2140 670 2199 καλεῖν.
710 2134 864 2215 ἐτιμωντό
884 2158 919 2199 τε
937 2134 1076 2201 θάνατον
1094 2134 1229 2218 ἑαυτοῖς,
1248 2142 1279 2203 εἰ
1295 2138 1340 2224 μη
1362 2166 1425 2203 πα-

241 2238 449 2327 ν,3ρ,ρέσται
472 2228 540 2313 ἀμα
560 2238 605 2320 epi
623 2229 663 2296 τά
685 2230 856 2317 γράμματα
876 2240 992 2317 λαβεῖν.
1035 2234 1063 2299 αἱ
1082 2237 1142 2315 μὲν
1161 2230 1220 2300 asir
1240 2232 1330 2302 άλλσι
1343 2236 1425 2301 πάν-

335 2356 386 2408 τες
406 2328 543 2414 ἡσυχίαν
564 2324 649 2415 ἦγον.
691 2330 883 2409 Ἀπόκαυκσς
903 2335 939 2397 ἀὲ
960 2338 1077 2416 ἀείσας,
1098 2333 1142 2419 μη
1165 2335 1324 2421 ἧβασιλίς
1341 2333 1465 2421 uesicae

335 2429 392 2516 τὴν
420 2430 550 2508 ἀξίωσιν
587 2430 631 2506 τάς
661 2432 788 2496 δικαίαν
815 2433 995 2513 ἀπιδοῦσα,
1029 2434 1263 2520 ἐπιψηφίσηται
1295 2432 1351 2519 την
1372 2436 1423 2499 όί-
1458 2430 1462 2437 ’

336 2555 409 2616 κην,
439 2531 494 2594 καί
512 2529 593 2616 πρός
611 2535 655 2620 τῷ
674 2533 773 2616 μηδὲν
794 2531 892 2608 αὐτὸς
911 2531 1060 2612 ἦνυκέναι
1077 2535 1141 2598 τιόν
1160 2538 1423 2619 ἑσκαιωρημένων

336 2631 392 2698 καί
421 2631 521 2714 αάτῆς
552 2635 709 2716 σωτηρίας
733 2633 950 2721 ἀπσστερηθῇ,
971 2632 1049 2717 ἔγνω
1069 2636 1135 2698 ἀεῖν
1155 2632 1315 2718 ίταμότητι
1336 2632 1423 2718 χρή·

406 2841 448 2876 τι.
468 2820 568 2874 ἀικαῖα
585 2820 611 2871 Ρ.
631 2831 659 2872 et
680 2819 736 2883 Μ.,
754 2819 869 2874 ἀικαίαν
887 2821 919 2873 V.

336 2967 468 3018 momenti
486 2965 565 3020 saetis
583 2965 685 3017 habere
703 2963 821 3018 decebit
858 2966 923 3031 Sin,
941 2967 1015 3038 quod
1036 2966 1127 3031 absit,
1152 2970 1181 3019 in
1199 2969 1348 3024 maioribus
1365 2971 1422 3023 tm-

335 3036 417 3108 probi
445 3035 565 3101 fueriut,
591 3046 650 3087 turn
675 3051 731 3087 non
759 3036 794 3088 de
811 3037 917 3105 parvis,
933 3037 982 3088 sed
1000 3037 1034 3088 de
1053 3039 1176 3090 maximis
1195 3041 1419 3094 consultabinrus.

338 3109 514 3178 Quapropter
530 3117 589 3160 tum
608 3107 691 3169 hauc,
710 3113 769 3158 tum
789 3109 863 3159 illam
882 3108 919 3158 ob
936 3124 1042 3159 mirsam
1052 3147 1061 3172 ‚
1080 3109 1236 3180 quaefacta
1257 3121 1336 3173 sunl,
1354 3129 1423 3164 eon·

338 3178 486 3231 temnenda
502 3219 509 3241 ,
527 3195 577 3230 nee
594 3187 733 3246 tamquam
751 3177 786 3228 de
803 3177 987 3246 singularibus
1004 3182 1158 3232 molestiam
1183 3182 1342 3249 capiendam
1365 3183 1422 3240 aio.

339 3249 413 3301 Haec
430 3247 478 3301 ubi
498 3249 586 3312 dirit,
604 3249 752 3300 tumultum
770 3248 892 3309 sedarit,
912 3249 1039 3300 omnibus
1064 3251 1240 3318 optantibus,
1267 3261 1298 3303 ut
1322 3268 1421 3321 quem-

340 3317 487 3371 admodum
517 3319 639 3382 dinerat,
662 3335 704 3369 res
728 3317 799 3369 bene
826 3327 958 3371 verteret:
984 3337 1055 3382 non,
1074 3328 1105 3371 ut
1122 3339 1155 3372 ex
1174 3323 1306 3373 anteactis
1324 3325 1419 3374 conie-

339 3397 412 3442 ctare
430 3390 483 3459 ipsi
502 3387 676 3457 cogebantur.
714 3389 925 3440 Tumultuantes
944 3391 982 3442 ita
1002 3389 1177 3460 compescuit.
1196 3393 1367 3460 imperatrix,
1388 3399 1421 3443 ut

337 3461 455 3528 primurn
472 3461 575 3528 legatos
594 3475 652 3510 esse
668 3459 784 3510 violatos
802 3457 915 3522 didicit,
934 3460 1051 3530 graviter
1068 3462 1135 3512 tulit
1159 3463 1294 3532 iussitque
1326 3470 1421 3532 rapto-

339 3547 381 3582 res
400 3531 487 3598 spolia
507 3527 620 3581 reddere
639 3536 667 3580 et
687 3529 722 3578 ad
747 3545 776 3580 se
795 3528 946 3597 deportare.
991 3533 1061 3582 Tum
1080 3531 1232 3599 patriarcha
1249 3533 1421 3603 reliquisque

339 3599 519 3666 optimatibus
537 3607 565 3649 et
586 3600 704 3668 Augusta
722 3615 812 3650 coram
829 3600 1032 3668 praesentibus,
1050 3603 1133 3669 legati
1151 3619 1200 3653 suo
1219 3619 1333 3655 munere
1352 3620 1432 3674 per--

338 3669 424 3720 iuncti
443 3677 522 3732 sunt,
541 3671 662 3732 cunctis,
680 3687 749 3737 quae
768 3670 940 3737 petebantur,
959 3680 1095 3742 utaequa
1115 3673 1340 3740 approbantibus.
1366 3677 1422 3726 tto-

339 3739 438 3806 gabaut
463 3747 554 3790 aulem
579 3739 652 3790 illam
681 3747 708 3790 ct
732 3739 910 3807 patriarcham
935 3741 1036 3810 iegati,
1054 3759 1090 3793 ne
1108 3742 1137 3792 iu
1155 3743 1237 3794 rebus
1254 3751 1308 3794 tam
1328 3745 1421 3813 magui

253 3860 258 3869 ,
338 3811 468 3860 momenti
487 3817 594 3880 ternpus
613 3810 780 3871 eximerent,
799 3810 848 3862 sed
866 3813 992 3863 celeriter
1010 3812 1228 3865 emendationem
1246 3814 1423 3873 adhiberent.

339 3880 369 3930 Si
385 3881 485 3931 litteris
504 3896 629 3950 magnum
649 3880 827 3931 domesticum
843 3880 879 3932 ad
896 3882 1018 3934 tribunal
1036 3883 1162 3946 citarent,
1181 3885 1235 3938 nisi
1253 3886 1422 3954 simulatque

338 3965 383 4001 eas
402 3953 564 4018 accepisset,
584 3949 740 4012 advolaret',
758 3968 803 4014 sc,
828 3953 895 4034 (prin
917 3953 1006 4024 capite
1022 3953 1203 4019 punirentur,
1226 3972 1283 4006 non
1310 3971 1422 4006 recusa·

337 4029 413 4073 turos
431 4021 548 4071 aiebant
586 4021 637 4073 tlte
655 4037 748 4072 omncs
769 4030 970 4074 conticuerunt.
1011 4023 1188 4089 Apocauclrus
1208 4031 1301 4076 tamen
1325 4025 1421 4077 solici-

336 4101 398 4155 tus,
415 4108 449 4141 ne
467 4093 625 4162 imperatrix
666 4092 810 4145 olitionem
828 4100 860 4143 ut
876 4109 990 4162 aequam
1014 4095 1181 4161 respiciens,
1207 4095 1342 4148 iudicium
1367 4095 1418 4148 de·

337 4169 474 4218 cerneret.
505 4169 533 4212 ct
558 4177 618 4211 curn
645 4109 711 4225 Eoo,
739 4161 815 4244 <prod
841 4163 1016 4214 consiliorum
1043 4180 1154 4216 suorum
1176 4166 1310 4233 pravitate
1344 4165 1417 4217 nihil

334 4234 531 4304 promovisset,
548 4232 608 4303 ipae
627 4234 711 4285 etiam
728 4241 784 4289 rita
800 4233 978 4300 multaretur,
1003 4235 1158 4289 temeritate
1183 4243 1212 4289 et
1235 4235 1418 4307 impudentia,
