<?xml version="1.0" encoding="UTF-8"?>
<!DOCTYPE html PUBLIC "-//W3C//DTD XHTML 1.0 Transitional//EN"
    "http://www.w3.org/TR/xhtml1/DTD/xhtml1-transitional.dtd">
<html xmlns="http://www.w3.org/1999/xhtml" xml:lang="en" lang="en">
 <head>
  <title>
</title>
<meta http-equiv="Content-Type" content="text/html;charset=utf-8" />
  <meta name='ocr-system' content='tesseract 3.04.00' />
  <meta name='ocr-capabilities' content='ocr_page ocr_carea ocr_par ocr_line ocrx_word'/>
</head>
<body>
  <div class='ocr_page' id='page_1' title='image "./corpusscriptoru67theogoog/corpusscriptoru67theogoog_0159.png"; bbox 0 0 3125 4900; ppageno 0'>
   <div class='ocr_carea' id='block_1_1' title="bbox 440 295 1204 422">
    <p class='ocr_par' dir='ltr' id='par_1_1' title="bbox 440 295 1204 422">
     <span class='ocr_line' id='line_1_1' title="bbox 440 295 1204 422; baseline -0.003 -15"><span class='ocrx_word' id='word_1_1' title='bbox 440 340 726 407; x_wconf 78' lang='grc' dir='ltr'><strong>ιιιοιοιιιλιιιιιι</strong></span> <span class='ocrx_word' id='word_1_2' title='bbox 755 346 812 407; x_wconf 92' lang='grc' dir='ltr'><strong>ιιι.</strong></span> <span class='ocrx_word' id='word_1_3' title='bbox 835 351 888 415; x_wconf 77' lang='grc' dir='ltr'><strong>ιι.</strong></span> <span class='ocrx_word' id='word_1_4' title='bbox 946 295 951 310; x_wconf 59' lang='grc'><strong>’</strong></span> <span class='ocrx_word' id='word_1_5' title='bbox 1124 316 1204 422; x_wconf 80' lang='grc' dir='ltr'><strong>ι45</strong></span> 
     </span>
    </p>
   </div>
   <div class='ocr_carea' id='block_1_2' title="bbox 86 488 1350 2751">
    <p class='ocr_par' dir='ltr' id='par_1_2' title="bbox 86 488 1350 2751">
     <span class='ocr_line' id='line_1_2' title="bbox 116 488 1350 579; baseline 0.002 -20"><span class='ocrx_word' id='word_1_6' title='bbox 116 498 296 579; x_wconf 84' lang='grc' dir='ltr'><strong>μασμένος,</strong></span> <span class='ocrx_word' id='word_1_7' title='bbox 317 488 490 577; x_wconf 76' lang='grc' dir='ltr'><strong>γράμματα</strong></span> <span class='ocrx_word' id='word_1_8' title='bbox 515 495 639 579; x_wconf 85' lang='grc' dir='ltr'><strong>φέρων,</strong></span> <span class='ocrx_word' id='word_1_9' title='bbox 669 488 693 556; x_wconf 78' lang='grc' dir='ltr'><strong>ό</strong></span> <span class='ocrx_word' id='word_1_10' title='bbox 710 488 853 557; x_wconf 68' lang='lat' dir='ltr'><strong>trenes</strong></span> <span class='ocrx_word' id='word_1_11' title='bbox 872 492 970 559; x_wconf 74' lang='grc' dir='ltr'><strong>αδτόν</strong></span> <span class='ocrx_word' id='word_1_12' title='bbox 990 491 1273 579; x_wconf 57' lang='grc' dir='ltr'><strong>δποσχόμονονλια</strong></span> <span class='ocrx_word' id='word_1_13' title='bbox 1286 503 1350 579; x_wconf 65' lang='lat' dir='ltr'><strong>rtis</strong></span> 
     </span>
     <span class='ocr_line' id='line_1_3' title="bbox 116 588 1208 680; baseline 0.002 -21"><span class='ocrx_word' id='word_1_14' title='bbox 116 600 182 663; x_wconf 73' lang='grc' dir='ltr'><strong>τοῖν</strong></span> <span class='ocrx_word' id='word_1_15' title='bbox 211 588 409 677; x_wconf 77' lang='grc' dir='ltr'><em>πραγμάτων</em></span> <span class='ocrx_word' id='word_1_16' title='bbox 430 590 509 657; x_wconf 87' lang='grc' dir='ltr'><strong>οἴκοι</strong></span> <span class='ocrx_word' id='word_1_17' title='bbox 531 594 705 677; x_wconf 76' lang='grc' dir='ltr'><strong>διατρίβειν</strong></span> <span class='ocrx_word' id='word_1_18' title='bbox 725 590 780 656; x_wconf 84' lang='grc' dir='ltr'><strong><em>καί</em></strong></span> <span class='ocrx_word' id='word_1_19' title='bbox 797 593 879 676; x_wconf 73' lang='grc' dir='ltr'><strong>μηδὲ</strong></span> <span class='ocrx_word' id='word_1_20' title='bbox 900 596 957 676; x_wconf 83' lang='grc' dir='ltr'><strong>τῆς</strong></span> <span class='ocrx_word' id='word_1_21' title='bbox 977 596 1208 680; x_wconf 63' lang='grc' dir='ltr'><strong>Διδυμοτεάου</strong></span> 
     </span>
     <span class='ocr_line' id='line_1_4' title="bbox 117 682 1233 779; baseline 0.001 -19"><span class='ocrx_word' id='word_1_22' title='bbox 117 692 219 779; x_wconf 82' lang='grc' dir='ltr'><strong>πόλης</strong></span> <span class='ocrx_word' id='word_1_23' title='bbox 237 694 362 771; x_wconf 75' lang='grc' dir='ltr'><strong>ἐξιέναι,</strong></span> <span class='ocrx_word' id='word_1_24' title='bbox 383 682 476 775; x_wconf 84' lang='grc' dir='ltr'><strong>άχρις</strong></span> <span class='ocrx_word' id='word_1_25' title='bbox 497 684 537 756; x_wconf 84' lang='grc' dir='ltr'><strong>όν</strong></span> <span class='ocrx_word' id='word_1_26' title='bbox 557 689 635 776; x_wconf 67' lang='lat' dir='ltr'><strong>atri</strong></span> <span class='ocrx_word' id='word_1_27' title='bbox 661 691 842 777; x_wconf 72' lang='grc' dir='ltr'><strong>ψηφίσηται</strong></span> <span class='ocrx_word' id='word_1_28' title='bbox 860 694 935 777; x_wconf 78' lang='grc' dir='ltr'><strong>περὶ</strong></span> <span class='ocrx_word' id='word_1_29' title='bbox 953 693 1064 774; x_wconf 85' lang='grc' dir='ltr'><strong>αότοῦ,</strong></span> <span class='ocrx_word' id='word_1_30' title='bbox 1085 689 1147 775; x_wconf 88' lang='grc' dir='ltr'><strong>ό,τι</strong></span> <span class='ocrx_word' id='word_1_31' title='bbox 1166 688 1233 761; x_wconf 73' lang='lat' dir='ltr'><strong>dra</strong></span> 
     </span>
     <span class='ocr_line' id='line_1_5' title="bbox 119 784 1210 881; baseline 0.001 -24"><span class='ocrx_word' id='word_1_32' title='bbox 119 795 205 881; x_wconf 75' lang='grc' dir='ltr'><strong>δοκῇ.</strong></span> <span class='ocrx_word' id='word_1_33' title='bbox 253 792 311 875; x_wconf 73' lang='grc' dir='ltr'><strong>τὴν</strong></span> <span class='ocrx_word' id='word_1_34' title='bbox 335 791 440 855; x_wconf 75' lang='grc' dir='ltr'><strong>αἰτίαν</strong></span> <span class='ocrx_word' id='word_1_35' title='bbox 461 793 497 856; x_wconf 83' lang='grc' dir='ltr'><strong>δέ</strong></span> <span class='ocrx_word' id='word_1_36' title='bbox 518 793 583 855; x_wconf 78' lang='grc' dir='ltr'><strong>τῶν</strong></span> <span class='ocrx_word' id='word_1_37' title='bbox 603 792 776 876; x_wconf 74' lang='grc' dir='ltr'><em>εἰρημένων</em></span> <span class='ocrx_word' id='word_1_38' title='bbox 797 784 856 854; x_wconf 86' lang='grc' dir='ltr'><strong>οόκ</strong></span> <span class='ocrx_word' id='word_1_39' title='bbox 878 792 915 856; x_wconf 82' lang='grc' dir='ltr'><strong>έν</strong></span> <span class='ocrx_word' id='word_1_40' title='bbox 934 795 977 878; x_wconf 75' lang='grc' dir='ltr'><strong>τῷ</strong></span> <span class='ocrx_word' id='word_1_41' title='bbox 996 794 1131 876; x_wconf 78' lang='grc' dir='ltr'><strong>παρόντι</strong></span> <span class='ocrx_word' id='word_1_42' title='bbox 1154 792 1210 879; x_wconf 82' lang='grc' dir='ltr'><strong>δὴ-</strong></span> 
     </span>
     <span class='ocr_line' id='line_1_6' title="bbox 100 882 1209 987; baseline 0.002 -31"><span class='ocrx_word' id='word_1_43' title='bbox 100 890 176 987; x_wconf 75' lang='grc' dir='ltr'><strong>Ιὅλην</strong></span> <span class='ocrx_word' id='word_1_44' title='bbox 195 887 282 973; x_wconf 74' lang='grc' dir='ltr'><strong>ἔλεγε</strong></span> <span class='ocrx_word' id='word_1_45' title='bbox 303 887 514 973; x_wconf 75' lang='grc' dir='ltr'><strong>ποιήσεσθαι,</strong></span> <span class='ocrx_word' id='word_1_46' title='bbox 552 892 619 953; x_wconf 71' lang='grc' dir='ltr'><strong>αλλ’</strong></span> <span class='ocrx_word' id='word_1_47' title='bbox 643 882 776 973; x_wconf 82' lang='grc' dir='ltr'><strong>όστερον</strong></span> <span class='ocrx_word' id='word_1_48' title='bbox 797 888 890 979; x_wconf 75' lang='grc' dir='ltr'><strong>όλέγρι</strong></span> <span class='ocrx_word' id='word_1_49' title='bbox 912 889 999 979; x_wconf 76' lang='grc' dir='ltr'><strong>αότῷ</strong></span> <span class='ocrx_word' id='word_1_50' title='bbox 1017 914 1050 956; x_wconf 90' lang='grc' dir='ltr'><strong>τε</strong></span> <span class='ocrx_word' id='word_1_51' title='bbox 1073 891 1128 956; x_wconf 75' lang='grc' dir='ltr'><strong>κατ’</strong></span> <span class='ocrx_word' id='word_1_52' title='bbox 1145 896 1209 958; x_wconf 82' lang='grc' dir='ltr'><strong>ποῖ-</strong></span> 
     </span>
     <span class='ocr_line' id='line_1_7' title="bbox 118 984 1210 1075; baseline 0.001 -20"><span class='ocrx_word' id='word_1_53' title='bbox 118 1013 170 1055; x_wconf 92' lang='grc' dir='ltr'><strong>σιν</strong></span> <span class='ocrx_word' id='word_1_54' title='bbox 195 984 237 1055; x_wconf 82' lang='grc' dir='ltr'><strong>άν</strong></span> <span class='ocrx_word' id='word_1_55' title='bbox 255 987 406 1073; x_wconf 74' lang='grc' dir='ltr'><strong>γενέσθαι</strong></span> <span class='ocrx_word' id='word_1_56' title='bbox 429 985 581 1073; x_wconf 81' lang='grc' dir='ltr'><strong>φανερόν.</strong></span> <span class='ocrx_word' id='word_1_57' title='bbox 622 986 698 1071; x_wconf 72' lang='grc' dir='ltr'><strong>πρὶν</strong></span> <span class='ocrx_word' id='word_1_58' title='bbox 722 990 759 1054; x_wconf 84' lang='lat' dir='ltr'><strong>dd</strong></span> <span class='ocrx_word' id='word_1_59' title='bbox 778 987 819 1054; x_wconf 87' lang='grc' dir='ltr'><strong>τά</strong></span> <span class='ocrx_word' id='word_1_60' title='bbox 834 989 1006 1073; x_wconf 82' lang='grc' dir='ltr'><strong>γράμματα</strong></span> <span class='ocrx_word' id='word_1_61' title='bbox 1023 989 1210 1075; x_wconf 68' lang='grc' dir='ltr'><strong>ταυτόγρα·</strong></span> 
     </span>
     <span class='ocr_line' id='line_1_8' title="bbox 118 1082 1208 1175; baseline 0.001 -23"><span class='ocrx_word' id='word_1_62' title='bbox 118 1089 221 1175; x_wconf 77' lang='grc' dir='ltr'><strong>φῆναι</strong></span> <span class='ocrx_word' id='word_1_63' title='bbox 239 1089 335 1172; x_wconf 76' lang='grc' dir='ltr'><strong>ἕτερα</strong></span> <span class='ocrx_word' id='word_1_64' title='bbox 354 1082 541 1173; x_wconf 66' lang='grc' dir='ltr'><strong>ἐγράφοντο,</strong></span> <span class='ocrx_word' id='word_1_65' title='bbox 562 1090 620 1153; x_wconf 76' lang='lat' dir='ltr'><strong>rori</strong></span> <span class='ocrx_word' id='word_1_66' title='bbox 641 1082 928 1173; x_wconf 84' lang='grc' dir='ltr'><strong>παρακοιμοομένου</strong></span> <span class='ocrx_word' id='word_1_67' title='bbox 949 1084 1208 1173; x_wconf 80' lang='grc' dir='ltr'><strong>ὖπαγορεόοντος,</strong></span> 
     </span>
     <span class='ocr_line' id='line_1_9' title="bbox 119 1180 1208 1272; baseline 0.004 -23"><span class='ocrx_word' id='word_1_68' title='bbox 119 1186 250 1270; x_wconf 74' lang='grc' dir='ltr'><strong>πικρίας</strong></span> <span class='ocrx_word' id='word_1_69' title='bbox 268 1182 368 1267; x_wconf 84' lang='grc' dir='ltr'><strong>μεστά</strong></span> <span class='ocrx_word' id='word_1_70' title='bbox 391 1182 445 1250; x_wconf 76' lang='grc' dir='ltr'><strong>κάτ’</strong></span> <span class='ocrx_word' id='word_1_71' title='bbox 464 1180 589 1271; x_wconf 82' lang='grc' dir='ltr'><strong>όβρειος</strong></span> <span class='ocrx_word' id='word_1_72' title='bbox 611 1188 666 1251; x_wconf 79' lang='grc' dir='ltr'><strong>κατ’</strong></span> <span class='ocrx_word' id='word_1_73' title='bbox 687 1185 869 1272; x_wconf 80' lang='grc' dir='ltr'><strong>εἰρωνείας,</strong></span> <span class='ocrx_word' id='word_1_74' title='bbox 890 1184 912 1251; x_wconf 78' lang='grc' dir='ltr'><em>ἃ</em></span> <span class='ocrx_word' id='word_1_75' title='bbox 932 1184 1087 1253; x_wconf 80' lang='grc' dir='ltr'><strong>έκαόλυσεν</strong></span> <span class='ocrx_word' id='word_1_76' title='bbox 1104 1187 1126 1272; x_wconf 80' lang='grc' dir='ltr'><em>ἦ</em></span> <span class='ocrx_word' id='word_1_77' title='bbox 1146 1193 1208 1271; x_wconf 78' lang='grc' dir='ltr'><strong>βα-</strong></span> 
     </span>
     <span class='ocr_line' id='line_1_10' title="bbox 120 1276 1208 1370; baseline 0.004 -22"><span class='ocrx_word' id='word_1_78' title='bbox 120 1286 203 1361; x_wconf 80' lang='grc' dir='ltr'><strong>σιλές</strong></span> <span class='ocrx_word' id='word_1_79' title='bbox 214 1285 411 1370; x_wconf 74' lang='grc' dir='ltr'><strong>πεμφθῆναι,</strong></span> <span class='ocrx_word' id='word_1_80' title='bbox 432 1280 524 1365; x_wconf 83' lang='grc' dir='ltr'><strong>μόλις</strong></span> <span class='ocrx_word' id='word_1_81' title='bbox 552 1285 689 1350; x_wconf 76' lang='grc' dir='ltr'><strong>πείσασα</strong></span> <span class='ocrx_word' id='word_1_82' title='bbox 712 1282 789 1361; x_wconf 85' lang='grc' dir='ltr'><strong>τοός</strong></span> <span class='ocrx_word' id='word_1_83' title='bbox 818 1276 960 1367; x_wconf 73' lang='grc' dir='ltr'><strong>ἄγοντας.</strong></span> <span class='ocrx_word' id='word_1_84' title='bbox 1001 1284 1073 1349; x_wconf 70' lang='lat' dir='ltr'><strong>inei</strong></span> <span class='ocrx_word' id='word_1_85' title='bbox 1084 1288 1121 1351; x_wconf 80' lang='lat' dir='ltr'><strong>dd</strong></span> <span class='ocrx_word' id='word_1_86' title='bbox 1134 1286 1208 1352; x_wconf 60' lang='lat' dir='ltr'><strong>dae*</strong></span> 
     </span>
     <span class='ocr_line' id='line_1_11' title="bbox 86 1375 1207 1469; baseline 0.006 -26"><span class='ocrx_word' id='word_1_87' title='bbox 86 1378 287 1465; x_wconf 74' lang='grc' dir='ltr'><strong>ιογινοόσκετο</strong></span> <span class='ocrx_word' id='word_1_88' title='bbox 316 1383 366 1447; x_wconf 75' lang='grc' dir='ltr'><strong>ἐπ’</strong></span> <span class='ocrx_word' id='word_1_89' title='bbox 393 1384 573 1467; x_wconf 79' lang='grc' dir='ltr'><strong>έκκλησόας,</strong></span> <span class='ocrx_word' id='word_1_90' title='bbox 607 1382 636 1446; x_wconf 81' lang='grc' dir='ltr'><strong>οἱ</strong></span> <span class='ocrx_word' id='word_1_91' title='bbox 661 1384 721 1465; x_wconf 81' lang='grc' dir='ltr'><strong>μὲν</strong></span> <span class='ocrx_word' id='word_1_92' title='bbox 750 1375 842 1448; x_wconf 80' lang='grc' dir='ltr'><strong>άλλοι</strong></span> <span class='ocrx_word' id='word_1_93' title='bbox 860 1384 976 1459; x_wconf 84' lang='grc' dir='ltr'><strong>πάντες</strong></span> <span class='ocrx_word' id='word_1_94' title='bbox 995 1382 1055 1469; x_wconf 77' lang='grc' dir='ltr'><strong>την</strong></span> <span class='ocrx_word' id='word_1_95' title='bbox 1074 1387 1138 1450; x_wconf 69' lang='grc' dir='ltr'><strong>τοῖν</strong></span> <span class='ocrx_word' id='word_1_96' title='bbox 1156 1408 1207 1468; x_wconf 79' lang='grc' dir='ltr'><strong>γε·</strong></span> 
     </span>
     <span class='ocr_line' id='line_1_12' title="bbox 119 1475 1208 1570; baseline 0.005 -27"><span class='ocrx_word' id='word_1_97' title='bbox 119 1482 309 1565; x_wconf 74' lang='grc' dir='ltr'><strong>μραμμένιον</strong></span> <span class='ocrx_word' id='word_1_98' title='bbox 339 1479 472 1547; x_wconf 83' lang='grc' dir='ltr'><strong>άτοπέαν</strong></span> <span class='ocrx_word' id='word_1_99' title='bbox 501 1484 764 1567; x_wconf 76' lang='grc' dir='ltr'><strong>ἐκπεπληγμένοι,</strong></span> <span class='ocrx_word' id='word_1_100' title='bbox 787 1479 944 1547; x_wconf 74' lang='grc' dir='ltr'><strong>ἅπτεσθαι</strong></span> <span class='ocrx_word' id='word_1_101' title='bbox 963 1475 1025 1567; x_wconf 78' lang='grc' dir='ltr'><strong>ἤδη</strong></span> <span class='ocrx_word' id='word_1_102' title='bbox 1046 1480 1208 1570; x_wconf 79' lang='grc' dir='ltr'><strong>παρῄνουν</strong></span> 
     </span>
     <span class='ocr_line' id='line_1_13' title="bbox 120 1575 1207 1667; baseline 0.001 -24"><span class='ocrx_word' id='word_1_103' title='bbox 120 1582 179 1643; x_wconf 77' lang='grc' dir='ltr'><strong>τοῦ</strong></span> <span class='ocrx_word' id='word_1_104' title='bbox 196 1580 335 1663; x_wconf 86' lang='grc' dir='ltr'><strong>πολέμου</strong></span> <span class='ocrx_word' id='word_1_105' title='bbox 355 1577 411 1643; x_wconf 66' lang='grc' dir='ltr'><strong>κατ’</strong></span> <span class='ocrx_word' id='word_1_106' title='bbox 426 1578 471 1663; x_wconf 74' lang='grc' dir='ltr'><strong>μὴ</strong></span> <span class='ocrx_word' id='word_1_107' title='bbox 495 1582 701 1667; x_wconf 73' lang='grc' dir='ltr'><strong>διεφθορόσιν</strong></span> <span class='ocrx_word' id='word_1_108' title='bbox 721 1575 906 1663; x_wconf 72' lang='grc' dir='ltr'><strong>άνδροόποις</strong></span> <span class='ocrx_word' id='word_1_109' title='bbox 924 1579 981 1645; x_wconf 88' lang='grc' dir='ltr'><strong>τόν</strong></span> <span class='ocrx_word' id='word_1_110' title='bbox 997 1578 1110 1667; x_wconf 88' lang='grc' dir='ltr'><strong>καιρόν</strong></span> <span class='ocrx_word' id='word_1_111' title='bbox 1129 1604 1207 1667; x_wconf 85' lang='grc' dir='ltr'><strong>προ-</strong></span> 
     </span>
     <span class='ocr_line' id='line_1_14' title="bbox 120 1672 1239 1760; baseline -0.001 -16"><span class='ocrx_word' id='word_1_112' title='bbox 120 1681 256 1760; x_wconf 74' lang='grc' dir='ltr'><strong>ΐεσθαι,</strong></span> <span class='ocrx_word' id='word_1_113' title='bbox 277 1681 347 1742; x_wconf 74' lang='grc' dir='ltr'><strong>καθ’</strong></span> <span class='ocrx_word' id='word_1_114' title='bbox 368 1672 404 1742; x_wconf 87' lang='grc' dir='ltr'><strong>όν</strong></span> <span class='ocrx_word' id='word_1_115' title='bbox 425 1679 549 1757; x_wconf 78' lang='grc' dir='ltr'><strong>ἐξέσται</strong></span> <span class='ocrx_word' id='word_1_116' title='bbox 569 1674 736 1757; x_wconf 74' lang='grc' dir='ltr'><strong>διασώζειν</strong></span> <span class='ocrx_word' id='word_1_117' title='bbox 756 1672 900 1752; x_wconf 84' lang='grc' dir='ltr'><strong>έαυτοός.</strong></span> <span class='ocrx_word' id='word_1_118' title='bbox 943 1675 960 1741; x_wconf 91' lang='grc' dir='ltr'><strong>ό</strong></span> <span class='ocrx_word' id='word_1_119' title='bbox 979 1681 1079 1759; x_wconf 77' lang='grc' dir='ltr'><strong>μέγας</strong></span> <span class='ocrx_word' id='word_1_120' title='bbox 1097 1680 1133 1742; x_wconf 80' lang='grc' dir='ltr'><strong>δὲ</strong></span> <span class='ocrx_word' id='word_1_121' title='bbox 1154 1680 1239 1744; x_wconf 70' lang='lat' dir='ltr'><strong>dtr-(l</strong></span> 
     </span>
     <span class='ocr_line' id='line_1_15' title="bbox 119 1769 1211 1862; baseline 0.002 -21"><span class='ocrx_word' id='word_1_122' title='bbox 119 1780 270 1859; x_wconf 83' lang='grc' dir='ltr'><strong>μέστικος</strong></span> <span class='ocrx_word' id='word_1_123' title='bbox 300 1774 382 1860; x_wconf 86' lang='grc' dir='ltr'><strong>όριόν</strong></span> <span class='ocrx_word' id='word_1_124' title='bbox 400 1770 461 1862; x_wconf 75' lang='grc' dir='ltr'><strong>ἤδη</strong></span> <span class='ocrx_word' id='word_1_125' title='bbox 487 1777 527 1843; x_wconf 86' lang='grc' dir='ltr'><strong>τά</strong></span> <span class='ocrx_word' id='word_1_126' title='bbox 550 1778 718 1862; x_wconf 76' lang='grc' dir='ltr'><strong>πράγματα</strong></span> <span class='ocrx_word' id='word_1_127' title='bbox 738 1780 785 1851; x_wconf 83' lang='grc' dir='ltr'><strong>εἰς</strong></span> <span class='ocrx_word' id='word_1_128' title='bbox 805 1774 909 1859; x_wconf 80' lang='grc' dir='ltr'><strong>όκμῆν</strong></span> <span class='ocrx_word' id='word_1_129' title='bbox 930 1769 1046 1859; x_wconf 82' lang='grc' dir='ltr'><strong>ἥκοντα</strong></span> <span class='ocrx_word' id='word_1_130' title='bbox 1066 1777 1211 1843; x_wconf 79' lang='grc' dir='ltr'><strong>κινδύνου</strong></span> 
     </span>
     <span class='ocr_line' id='line_1_16' title="bbox 86 1869 1212 1963; baseline -0.002 -22"><span class='ocrx_word' id='word_1_131' title='bbox 86 1874 180 1944; x_wconf 76' lang='lat' dir='ltr'><strong>stunt</strong></span> <span class='ocrx_word' id='word_1_132' title='bbox 197 1876 308 1960; x_wconf 86' lang='grc' dir='ltr'><strong>μηκέτι</strong></span> <span class='ocrx_word' id='word_1_133' title='bbox 329 1878 507 1957; x_wconf 81' lang='grc' dir='ltr'><strong>διαμέλλειν</strong></span> <span class='ocrx_word' id='word_1_134' title='bbox 531 1879 586 1941; x_wconf 79' lang='grc' dir='ltr'><strong>κατ’</strong></span> <span class='ocrx_word' id='word_1_135' title='bbox 606 1874 869 1956; x_wconf 85' lang='grc' dir='ltr'><strong>αότόςοίόμενος,</strong></span> <span class='ocrx_word' id='word_1_136' title='bbox 893 1871 1042 1961; x_wconf 77' lang='grc' dir='ltr'><strong>ἐτράπετο</strong></span> <span class='ocrx_word' id='word_1_137' title='bbox 1055 1869 1117 1960; x_wconf 79' lang='grc' dir='ltr'><strong>ἤδη</strong></span> <span class='ocrx_word' id='word_1_138' title='bbox 1130 1874 1212 1963; x_wconf 78' lang='grc' dir='ltr'><strong>πρός</strong></span> 
     </span>
     <span class='ocr_line' id='line_1_17' title="bbox 120 1968 1212 2061; baseline -0.001 -22"><span class='ocrx_word' id='word_1_139' title='bbox 120 1972 159 2039; x_wconf 90' lang='grc' dir='ltr'><strong>τό</strong></span> <span class='ocrx_word' id='word_1_140' title='bbox 186 1970 399 2057; x_wconf 75' lang='grc' dir='ltr'><strong>βουλεάτσθαι</strong></span> <span class='ocrx_word' id='word_1_141' title='bbox 427 1978 497 2039; x_wconf 71' lang='grc' dir='ltr'><strong>καθ’</strong></span> <span class='ocrx_word' id='word_1_142' title='bbox 529 1968 589 2056; x_wconf 87' lang='grc' dir='ltr'><strong>ό,τι</strong></span> <span class='ocrx_word' id='word_1_143' title='bbox 609 1973 765 2061; x_wconf 78' lang='grc' dir='ltr'><strong>χρηστέον</strong></span> <span class='ocrx_word' id='word_1_144' title='bbox 797 1972 836 2039; x_wconf 84' lang='grc' dir='ltr'><strong>όν</strong></span> <span class='ocrx_word' id='word_1_145' title='bbox 871 1971 921 2057; x_wconf 79' lang='grc' dir='ltr'><strong>εἴη</strong></span> <span class='ocrx_word' id='word_1_146' title='bbox 952 1981 1019 2050; x_wconf 80' lang='grc' dir='ltr'><strong>τοῖς</strong></span> <span class='ocrx_word' id='word_1_147' title='bbox 1045 1973 1212 2059; x_wconf 78' lang='grc' dir='ltr'><strong>πράγμασι</strong></span> 
     </span>
     <span class='ocr_line' id='line_1_18' title="bbox 121 2066 1210 2159; baseline 0 -21"><span class='ocrx_word' id='word_1_148' title='bbox 121 2076 178 2139; x_wconf 74' lang='lat' dir='ltr'><strong>not</strong></span> <span class='ocrx_word' id='word_1_149' title='bbox 196 2070 326 2148; x_wconf 80' lang='grc' dir='ltr'><strong>αότοός.</strong></span> <span class='ocrx_word' id='word_1_150' title='bbox 346 2066 423 2139; x_wconf 57' lang='lat' dir='ltr'><strong>iat</strong></span> <span class='ocrx_word' id='word_1_151' title='bbox 440 2077 563 2159; x_wconf 76' lang='grc' dir='ltr'><strong>πρῶτος</strong></span> <span class='ocrx_word' id='word_1_152' title='bbox 584 2072 682 2149; x_wconf 85' lang='grc' dir='ltr'><strong>αότός</strong></span> <span class='ocrx_word' id='word_1_153' title='bbox 703 2076 750 2149; x_wconf 81' lang='grc' dir='ltr'><strong>εἰς</strong></span> <span class='ocrx_word' id='word_1_154' title='bbox 767 2071 826 2159; x_wconf 75' lang='grc' dir='ltr'><strong>την</strong></span> <span class='ocrx_word' id='word_1_155' title='bbox 845 2069 965 2157; x_wconf 72' lang='grc' dir='ltr'><strong>βουλήν</strong></span> <span class='ocrx_word' id='word_1_156' title='bbox 978 2070 1210 2154; x_wconf 81' lang='grc' dir='ltr'><strong>καταστάντων,</strong></span> 
     </span>
     <span class='ocr_line' id='line_1_19' title="bbox 122 2163 1210 2257; baseline -0.001 -21"><span class='ocrx_word' id='word_1_157' title='bbox 122 2170 204 2251; x_wconf 80' lang='grc' dir='ltr'><strong>ἔλεξε</strong></span> <span class='ocrx_word' id='word_1_158' title='bbox 227 2169 346 2237; x_wconf 80' lang='grc' dir='ltr'><strong>τοιάδε.</strong></span> <span class='ocrx_word' id='word_1_159' title='bbox 386 2163 524 2257; x_wconf 64' lang='grc' dir='ltr'><strong>,ἄνδρες</strong></span> <span class='ocrx_word' id='word_1_160' title='bbox 544 2175 797 2257; x_wconf 76' lang='grc' dir='ltr'><strong>συστρατιῶται,</strong></span> <span class='ocrx_word' id='word_1_161' title='bbox 818 2170 858 2235; x_wconf 83' lang='grc' dir='ltr'><strong>τά</strong></span> <span class='ocrx_word' id='word_1_162' title='bbox 880 2173 940 2254; x_wconf 81' lang='grc' dir='ltr'><strong>μέν</strong></span> <span class='ocrx_word' id='word_1_163' title='bbox 961 2166 1105 2253; x_wconf 87' lang='grc' dir='ltr'><strong>παρόντα</strong></span> <span class='ocrx_word' id='word_1_164' title='bbox 1125 2172 1210 2255; x_wconf 89' lang='grc' dir='ltr'><strong>πρά-</strong></span> 
     </span>
     <span class='ocr_line' id='line_1_20' title="bbox 121 2266 1213 2355; baseline 0.003 -22"><span class='ocrx_word' id='word_1_165' title='bbox 121 2295 227 2353; x_wconf 68' lang='grc' dir='ltr'><strong>γματα</strong></span> <span class='ocrx_word' id='word_1_166' title='bbox 256 2274 301 2346; x_wconf 85' lang='grc' dir='ltr'><strong>εἰς</strong></span> <span class='ocrx_word' id='word_1_167' title='bbox 333 2266 407 2337; x_wconf 84' lang='grc' dir='ltr'><strong>όσον</strong></span> <span class='ocrx_word' id='word_1_168' title='bbox 440 2272 608 2348; x_wconf 76' lang='grc' dir='ltr'><strong>δυσκολίας</strong></span> <span class='ocrx_word' id='word_1_169' title='bbox 637 2269 694 2336; x_wconf 79' lang='grc' dir='ltr'><strong><em>καί</em></strong></span> <span class='ocrx_word' id='word_1_170' title='bbox 723 2273 865 2355; x_wconf 75' lang='grc' dir='ltr'><strong>ταραχῆς</strong></span> <span class='ocrx_word' id='word_1_171' title='bbox 887 2272 945 2335; x_wconf 82' lang='grc' dir='ltr'><strong>νόν</strong></span> <span class='ocrx_word' id='word_1_172' title='bbox 969 2292 1005 2335; x_wconf 92' lang='grc' dir='ltr'><strong>τε</strong></span> <span class='ocrx_word' id='word_1_173' title='bbox 1024 2266 1137 2354; x_wconf 74' lang='grc' dir='ltr'><strong>ἥκουσι</strong></span> <span class='ocrx_word' id='word_1_174' title='bbox 1156 2272 1213 2336; x_wconf 70' lang='grc' dir='ltr'><strong>κατ’</strong></span> 
     </span>
     <span class='ocr_line' id='line_1_21' title="bbox 87 2358 1210 2452; baseline -0.001 -19"><span class='ocrx_word' id='word_1_175' title='bbox 87 2366 172 2433; x_wconf 80' lang='grc' dir='ltr'><strong>υοέτι</strong></span> <span class='ocrx_word' id='word_1_176' title='bbox 190 2370 311 2450; x_wconf 77' lang='grc' dir='ltr'><strong>μᾶλλον</strong></span> <span class='ocrx_word' id='word_1_177' title='bbox 329 2358 498 2451; x_wconf 73' lang='grc' dir='ltr'><strong>μέλλουσιν</strong></span> <span class='ocrx_word' id='word_1_178' title='bbox 519 2368 714 2452; x_wconf 82' lang='grc' dir='ltr'><strong>ἐπιδιδόναι,</strong></span> <span class='ocrx_word' id='word_1_179' title='bbox 734 2366 852 2452; x_wconf 82' lang='grc' dir='ltr'><strong>όμοέοος</strong></span> <span class='ocrx_word' id='word_1_180' title='bbox 870 2366 971 2447; x_wconf 64' lang='grc' dir='ltr'><strong>ἔξεστι</strong></span> <span class='ocrx_word' id='word_1_181' title='bbox 993 2374 1072 2433; x_wconf 79' lang='grc' dir='ltr'><strong>πᾶσι</strong></span> <span class='ocrx_word' id='word_1_182' title='bbox 1090 2366 1210 2452; x_wconf 81' lang='grc' dir='ltr'><strong>στοχά-</strong></span> 
     </span>
     <span class='ocr_line' id='line_1_22' title="bbox 124 2461 1211 2554; baseline -0.001 -22"><span class='ocrx_word' id='word_1_183' title='bbox 124 2469 236 2545; x_wconf 70' lang='grc' dir='ltr'><strong>ζεσθαι</strong></span> <span class='ocrx_word' id='word_1_184' title='bbox 260 2468 347 2552; x_wconf 76' lang='grc' dir='ltr'><strong>ἡμῖν.</strong></span> <span class='ocrx_word' id='word_1_185' title='bbox 394 2467 455 2552; x_wconf 79' lang='grc' dir='ltr'><strong>ε’γιδ</strong></span> <span class='ocrx_word' id='word_1_186' title='bbox 486 2470 514 2532; x_wconf 89' lang='grc' dir='ltr'><strong>δ’</strong></span> <span class='ocrx_word' id='word_1_187' title='bbox 541 2469 572 2534; x_wconf 85' lang='grc' dir='ltr'><strong>εἰ</strong></span> <span class='ocrx_word' id='word_1_188' title='bbox 595 2470 655 2551; x_wconf 83' lang='grc' dir='ltr'><strong>μέν</strong></span> <span class='ocrx_word' id='word_1_189' title='bbox 683 2463 780 2553; x_wconf 80' lang='grc' dir='ltr'><strong>ἢνόν</strong></span> <span class='ocrx_word' id='word_1_190' title='bbox 808 2462 1044 2553; x_wconf 84' lang='grc' dir='ltr'><strong>έξάλλοδαπῆς</strong></span> <span class='ocrx_word' id='word_1_191' title='bbox 1063 2461 1211 2554; x_wconf 74' lang='grc' dir='ltr'><strong>έλδιόνῆ</strong></span> 
     </span>
     <span class='ocr_line' id='line_1_23' title="bbox 125 2557 1210 2652; baseline -0.001 -22"><span class='ocrx_word' id='word_1_192' title='bbox 125 2567 295 2652; x_wconf 77' lang='grc' dir='ltr'><strong>διατρίβων</strong></span> <span class='ocrx_word' id='word_1_193' title='bbox 312 2570 387 2650; x_wconf 84' lang='grc' dir='ltr'><strong>παρ’</strong></span> <span class='ocrx_word' id='word_1_194' title='bbox 406 2563 500 2648; x_wconf 70' lang='lat' dir='ltr'><strong>dues,</strong></span> <span class='ocrx_word' id='word_1_195' title='bbox 522 2572 588 2633; x_wconf 70' lang='grc' dir='ltr'><strong>τοῖν</strong></span> <span class='ocrx_word' id='word_1_196' title='bbox 607 2571 729 2632; x_wconf 77' lang='grc' dir='ltr'><strong>πολλῶν</strong></span> <span class='ocrx_word' id='word_1_197' title='bbox 750 2569 843 2631; x_wconf 81' lang='grc' dir='ltr'><strong>ου’δὲν</strong></span> <span class='ocrx_word' id='word_1_198' title='bbox 862 2557 990 2646; x_wconf 80' lang='grc' dir='ltr'><strong>άμεινον</strong></span> <span class='ocrx_word' id='word_1_199' title='bbox 1011 2565 1210 2648; x_wconf 69' lang='grc' dir='ltr'><strong>διακειμένας</strong></span> 
     </span>
     <span class='ocr_line' id='line_1_24' title="bbox 123 2658 1211 2751; baseline 0.002 -23"><span class='ocrx_word' id='word_1_200' title='bbox 123 2661 312 2750; x_wconf 75' lang='grc' dir='ltr'><strong>ἠγνοοόμην,</strong></span> <span class='ocrx_word' id='word_1_201' title='bbox 332 2659 417 2749; x_wconf 78' lang='grc' dir='ltr'><strong>εἶχεν</strong></span> <span class='ocrx_word' id='word_1_202' title='bbox 438 2658 477 2731; x_wconf 79' lang='grc' dir='ltr'><strong>όν</strong></span> <span class='ocrx_word' id='word_1_203' title='bbox 495 2690 565 2734; x_wconf 88' lang='grc' dir='ltr'><strong>τινα</strong></span> <span class='ocrx_word' id='word_1_204' title='bbox 585 2665 678 2750; x_wconf 76' lang='grc' dir='ltr'><strong>λόγον</strong></span> <span class='ocrx_word' id='word_1_205' title='bbox 697 2663 791 2749; x_wconf 81' lang='grc' dir='ltr'><strong>ἴσως,</strong></span> <span class='ocrx_word' id='word_1_206' title='bbox 814 2663 923 2741; x_wconf 70' lang='lat' dir='ltr'><strong>dautes</strong></span> <span class='ocrx_word' id='word_1_207' title='bbox 941 2661 998 2730; x_wconf 91' lang='grc' dir='ltr'><strong>τόν</strong></span> <span class='ocrx_word' id='word_1_208' title='bbox 1016 2661 1130 2751; x_wconf 85' lang='grc' dir='ltr'><strong>τρόπον</strong></span> <span class='ocrx_word' id='word_1_209' title='bbox 1154 2667 1211 2730; x_wconf 79' lang='grc' dir='ltr'><strong>κατ’</strong></span> 
     </span>
    </p>
   </div>
   <div class='ocr_carea' id='block_1_3' title="bbox 189 2835 398 2900">
    <p class='ocr_par' dir='ltr' id='par_1_3' title="bbox 189 2835 398 2900">
     <span class='ocr_line' id='line_1_25' title="bbox 189 2835 398 2900; baseline -0.005 -6"><span class='ocrx_word' id='word_1_210' title='bbox 189 2839 229 2894; x_wconf 80' lang='lat'><strong>13.</strong></span> <span class='ocrx_word' id='word_1_211' title='bbox 247 2835 398 2900; x_wconf 67' lang='lat' dir='ltr'><strong>edredcld„</strong></span> 
     </span>
    </p>
   </div>
   <div class='ocr_carea' id='block_1_4' title="bbox 123 2997 1229 4332">
    <p class='ocr_par' dir='ltr' id='par_1_4' title="bbox 123 2997 1212 3262">
     <span class='ocr_line' id='line_1_26' title="bbox 123 2997 1211 3071; baseline -0.002 -19"><span class='ocrx_word' id='word_1_212' title='bbox 123 2998 259 3052; x_wconf 74' lang='lat' dir='ltr'><strong>devenit</strong></span> <span class='ocrx_word' id='word_1_213' title='bbox 277 3013 339 3053; x_wconf 77' lang='lat' dir='ltr'><strong>eum</strong></span> <span class='ocrx_word' id='word_1_214' title='bbox 355 2998 471 3063; x_wconf 82' lang='lat' dir='ltr'><strong>titteris,</strong></span> <span class='ocrx_word' id='word_1_215' title='bbox 490 2997 591 3071; x_wconf 83' lang='lat' dir='ltr'><strong>quibua</strong></span> <span class='ocrx_word' id='word_1_216' title='bbox 610 3000 812 3070; x_wconf 83' lang='lat' dir='ltr'><strong>imperabatur,</strong></span> <span class='ocrx_word' id='word_1_217' title='bbox 831 3005 863 3052; x_wconf 88' lang='lat' dir='ltr'><strong>ut</strong></span> <span class='ocrx_word' id='word_1_218' title='bbox 878 3015 908 3053; x_wconf 86' lang='lat' dir='ltr'><strong>se</strong></span> <span class='ocrx_word' id='word_1_219' title='bbox 926 2999 1067 3052; x_wconf 79' lang='lat' dir='ltr'><strong>abdiearet</strong></span> <span class='ocrx_word' id='word_1_220' title='bbox 1085 3015 1118 3051; x_wconf 88' lang='lat' dir='ltr'><strong>ae</strong></span> <span class='ocrx_word' id='word_1_221' title='bbox 1134 2998 1211 3051; x_wconf 86' lang='lat' dir='ltr'><strong>domi</strong></span> 
     </span>
     <span class='ocr_line' id='line_1_27' title="bbox 124 3068 1211 3142; baseline -0.004 -20"><span class='ocrx_word' id='word_1_222' title='bbox 124 3085 189 3122; x_wconf 84' lang='lat' dir='ltr'><strong>auae</strong></span> <span class='ocrx_word' id='word_1_223' title='bbox 223 3069 325 3120; x_wconf 79' lang='lat' dir='ltr'><strong>riantur</strong></span> <span class='ocrx_word' id='word_1_224' title='bbox 345 3070 457 3134; x_wconf 79' lang='lat' dir='ltr'><strong>viveret,</strong></span> <span class='ocrx_word' id='word_1_225' title='bbox 473 3085 543 3122; x_wconf 84' lang='lat' dir='ltr'><strong>neve</strong></span> <span class='ocrx_word' id='word_1_226' title='bbox 561 3079 636 3122; x_wconf 80' lang='lat' dir='ltr'><strong>extra</strong></span> <span class='ocrx_word' id='word_1_227' title='bbox 654 3077 759 3140; x_wconf 88' lang='lat' dir='ltr'><strong>portam</strong></span> <span class='ocrx_word' id='word_1_228' title='bbox 773 3068 960 3137; x_wconf 80' lang='lat' dir='ltr'><strong>Didymotiehi</strong></span> <span class='ocrx_word' id='word_1_229' title='bbox 976 3071 1075 3142; x_wconf 88' lang='lat' dir='ltr'><strong>pedem</strong></span> <span class='ocrx_word' id='word_1_230' title='bbox 1092 3073 1211 3129; x_wconf 80' lang='lat' dir='ltr'><strong>efferret,</strong></span> 
     </span>
     <span class='ocr_line' id='line_1_28' title="bbox 124 3085 1212 3262; baseline 0 -72"><span class='ocrx_word' id='word_1_231' title='bbox 124 3085 221 3262; x_wconf 66' lang='lat' dir='ltr'><strong>qppoadJ</strong></span> <span class='ocrx_word' id='word_1_232' title='bbox 235 3139 295 3208; x_wconf 88' lang='lat' dir='ltr'><strong>ipsa</strong></span> <span class='ocrx_word' id='word_1_233' title='bbox 311 3138 345 3190; x_wconf 88' lang='lat' dir='ltr'><strong>de</strong></span> <span class='ocrx_word' id='word_1_234' title='bbox 365 3155 398 3191; x_wconf 87' lang='lat' dir='ltr'><strong>eo</strong></span> <span class='ocrx_word' id='word_1_235' title='bbox 416 3157 466 3209; x_wconf 88' lang='lat' dir='ltr'><strong>pro</strong></span> <span class='ocrx_word' id='word_1_236' title='bbox 483 3139 598 3192; x_wconf 83' lang='lat' dir='ltr'><strong>arbitrio</strong></span> <span class='ocrx_word' id='word_1_237' title='bbox 614 3140 763 3193; x_wconf 68' lang='lat' dir='ltr'><strong>statuisset.</strong></span> <span class='ocrx_word' id='word_1_238' title='bbox 800 3141 914 3194; x_wconf 84' lang='lat' dir='ltr'><strong>Causam</strong></span> <span class='ocrx_word' id='word_1_239' title='bbox 931 3139 1054 3192; x_wconf 86' lang='lat' dir='ltr'><strong>mandati</strong></span> <span class='ocrx_word' id='word_1_240' title='bbox 1071 3144 1115 3189; x_wconf 88' lang='lat' dir='ltr'><strong>sui</strong></span> <span class='ocrx_word' id='word_1_241' title='bbox 1136 3138 1212 3190; x_wconf 86' lang='lat' dir='ltr'><strong>nolle</strong></span> 
     </span>
    </p>

    <p class='ocr_par' dir='ltr' id='par_1_5' title="bbox 125 3207 1229 4332">
     <span class='ocr_line' id='line_1_29' title="bbox 172 3207 1213 3281; baseline -0.001 -21"><span class='ocrx_word' id='word_1_242' title='bbox 172 3224 302 3280; x_wconf 85' lang='lat' dir='ltr'><strong>praesens</strong></span> <span class='ocrx_word' id='word_1_243' title='bbox 319 3209 588 3279; x_wconf 77' lang='lat' dir='ltr'><strong>patefaceres‘paulo</strong></span> <span class='ocrx_word' id='word_1_244' title='bbox 605 3219 669 3281; x_wconf 84' lang='lat' dir='ltr'><strong>post</strong></span> <span class='ocrx_word' id='word_1_245' title='bbox 686 3211 739 3281; x_wconf 89' lang='lat' dir='ltr'><strong>ipsi</strong></span> <span class='ocrx_word' id='word_1_246' title='bbox 759 3216 788 3262; x_wconf 88' lang='lat' dir='ltr'><strong>et</strong></span> <span class='ocrx_word' id='word_1_247' title='bbox 806 3209 933 3262; x_wconf 82' lang='lat' dir='ltr'><strong>omnibus</strong></span> <span class='ocrx_word' id='word_1_248' title='bbox 953 3207 1122 3262; x_wconf 74' lang='lat' dir='ltr'><strong>manifestam</strong></span> <span class='ocrx_word' id='word_1_249' title='bbox 1143 3209 1213 3260; x_wconf 85' lang='lat' dir='ltr'><strong>fore.</strong></span> 
     </span>
     <span class='ocr_line' id='line_1_30' title="bbox 125 3277 1215 3350; baseline -0.005 -18"><span class='ocrx_word' id='word_1_250' title='bbox 125 3279 282 3350; x_wconf 72' lang='lat' dir='ltr'><strong>Antequam</strong></span> <span class='ocrx_word' id='word_1_251' title='bbox 299 3287 391 3331; x_wconf 86' lang='lat' dir='ltr'><strong>autem</strong></span> <span class='ocrx_word' id='word_1_252' title='bbox 407 3281 459 3332; x_wconf 87' lang='lat' dir='ltr'><strong>bae</strong></span> <span class='ocrx_word' id='word_1_253' title='bbox 476 3281 586 3334; x_wconf 73' lang='lat' dir='ltr'><strong>litterae</strong></span> <span class='ocrx_word' id='word_1_254' title='bbox 609 3279 861 3342; x_wconf 71' lang='lat' dir='ltr'><strong>conscriberentur,</strong></span> <span class='ocrx_word' id='word_1_255' title='bbox 883 3280 970 3342; x_wconf 88' lang='lat' dir='ltr'><strong>aliae,</strong></span> <span class='ocrx_word' id='word_1_256' title='bbox 987 3277 1149 3346; x_wconf 72' lang='lat' dir='ltr'><strong>Apocaucbo</strong></span> <span class='ocrx_word' id='word_1_257' title='bbox 1168 3277 1215 3328; x_wconf 87' lang='lat' dir='ltr'><strong>di-</strong></span> 
     </span>
     <span class='ocr_line' id='line_1_31' title="bbox 127 3349 1214 3418; baseline -0.003 -16"><span class='ocrx_word' id='word_1_258' title='bbox 127 3358 220 3402; x_wconf 82' lang='lat' dir='ltr'><strong>etante</strong></span> <span class='ocrx_word' id='word_1_259' title='bbox 227 3385 238 3412; x_wconf 85' lang='lat'><strong>,</strong></span> <span class='ocrx_word' id='word_1_260' title='bbox 260 3358 386 3403; x_wconf 78' lang='lat' dir='ltr'><strong>exaratae</strong></span> <span class='ocrx_word' id='word_1_261' title='bbox 404 3350 528 3416; x_wconf 81' lang='lat' dir='ltr'><strong>fuerant,</strong></span> <span class='ocrx_word' id='word_1_262' title='bbox 545 3350 612 3404; x_wconf 82' lang='lat' dir='ltr'><strong>selle</strong></span> <span class='ocrx_word' id='word_1_263' title='bbox 632 3351 861 3404; x_wconf 87' lang='lat' dir='ltr'><strong>contumeliarum</strong></span> <span class='ocrx_word' id='word_1_264' title='bbox 878 3356 907 3399; x_wconf 90' lang='lat' dir='ltr'><strong>et</strong></span> <span class='ocrx_word' id='word_1_265' title='bbox 924 3349 1080 3401; x_wconf 86' lang='lat' dir='ltr'><strong>irrisionum</strong></span> <span class='ocrx_word' id='word_1_266' title='bbox 1098 3349 1214 3418; x_wconf 76' lang='lat' dir='ltr'><strong>plenaez</strong></span> 
     </span>
     <span class='ocr_line' id='line_1_32' title="bbox 125 3417 1215 3490; baseline -0.002 -18"><span class='ocrx_word' id='word_1_267' title='bbox 125 3435 193 3490; x_wconf 88' lang='lat' dir='ltr'><strong>quas</strong></span> <span class='ocrx_word' id='word_1_268' title='bbox 209 3419 286 3472; x_wconf 88' lang='lat' dir='ltr'><strong>mitti</strong></span> <span class='ocrx_word' id='word_1_269' title='bbox 309 3421 469 3488; x_wconf 80' lang='lat' dir='ltr'><strong>imperatrix</strong></span> <span class='ocrx_word' id='word_1_270' title='bbox 486 3420 591 3488; x_wconf 82' lang='lat' dir='ltr'><strong>votuit,</strong></span> <span class='ocrx_word' id='word_1_271' title='bbox 618 3421 663 3474; x_wconf 82' lang='lat' dir='ltr'><strong>vix</strong></span> <span class='ocrx_word' id='word_1_272' title='bbox 687 3423 747 3474; x_wconf 80' lang='lat' dir='ltr'><strong>eius</strong></span> <span class='ocrx_word' id='word_1_273' title='bbox 770 3418 933 3472; x_wconf 80' lang='lat' dir='ltr'><strong>auctoritate</strong></span> <span class='ocrx_word' id='word_1_274' title='bbox 957 3417 1162 3490; x_wconf 82' lang='lat' dir='ltr'><strong>quiescentibus</strong></span> <span class='ocrx_word' id='word_1_275' title='bbox 1170 3433 1215 3481; x_wconf 74' lang='lat' dir='ltr'><strong>,a</strong></span> 
     </span>
     <span class='ocr_line' id='line_1_33' title="bbox 126 3487 1214 3562; baseline -0.004 -18"><span class='ocrx_word' id='word_1_276' title='bbox 126 3489 227 3558; x_wconf 80' lang='lat' dir='ltr'><strong>quibos</strong></span> <span class='ocrx_word' id='word_1_277' title='bbox 245 3487 281 3540; x_wconf 87' lang='lat' dir='ltr'><strong>ad</strong></span> <span class='ocrx_word' id='word_1_278' title='bbox 300 3490 465 3543; x_wconf 87' lang='lat' dir='ltr'><strong>mittendum</strong></span> <span class='ocrx_word' id='word_1_279' title='bbox 482 3489 685 3562; x_wconf 76' lang='lat' dir='ltr'><strong>impellebatur.</strong></span> <span class='ocrx_word' id='word_1_280' title='bbox 722 3491 780 3543; x_wconf 86' lang='lat' dir='ltr'><strong>Illis</strong></span> <span class='ocrx_word' id='word_1_281' title='bbox 804 3490 833 3540; x_wconf 90' lang='lat' dir='ltr'><strong>in</strong></span> <span class='ocrx_word' id='word_1_282' title='bbox 859 3499 995 3542; x_wconf 85' lang='lat' dir='ltr'><strong>conventu</strong></span> <span class='ocrx_word' id='word_1_283' title='bbox 1020 3487 1095 3559; x_wconf 89' lang='lat' dir='ltr'><strong>apud</strong></span> <span class='ocrx_word' id='word_1_284' title='bbox 1122 3489 1214 3556; x_wconf 79' lang='lat' dir='ltr'><strong>Didy-</strong></span> 
     </span>
     <span class='ocr_line' id='line_1_34' title="bbox 126 3557 1213 3643; baseline 0.002 -33"><span class='ocrx_word' id='word_1_285' title='bbox 126 3557 277 3613; x_wconf 84' lang='lat' dir='ltr'><strong>motiebum</strong></span> <span class='ocrx_word' id='word_1_286' title='bbox 308 3562 446 3626; x_wconf 84' lang='lat' dir='ltr'><strong>recitatis,</strong></span> <span class='ocrx_word' id='word_1_287' title='bbox 482 3564 568 3614; x_wconf 80' lang='lat' dir='ltr'><strong>ueteri</strong></span> <span class='ocrx_word' id='word_1_288' title='bbox 595 3562 707 3634; x_wconf 90' lang='lat' dir='ltr'><strong>quidem</strong></span> <span class='ocrx_word' id='word_1_289' title='bbox 734 3575 827 3613; x_wconf 89' lang='lat' dir='ltr'><strong>omues</strong></span> <span class='ocrx_word' id='word_1_290' title='bbox 856 3561 1015 3643; x_wconf 83' lang='lat' dir='ltr'><strong>scriptorum</strong></span> <span class='ocrx_word' id='word_1_291' title='bbox 1042 3557 1213 3612; x_wconf 82' lang='lat' dir='ltr'><strong>absurditate</strong></span> 
     </span>
     <span class='ocr_line' id='line_1_35' title="bbox 125 3628 1213 3702; baseline 0.002 -22"><span class='ocrx_word' id='word_1_292' title='bbox 125 3629 255 3690; x_wconf 79' lang='lat' dir='ltr'><strong>attoniti,</strong></span> <span class='ocrx_word' id='word_1_293' title='bbox 283 3628 388 3682; x_wconf 86' lang='lat' dir='ltr'><strong>bellurn</strong></span> <span class='ocrx_word' id='word_1_294' title='bbox 411 3631 607 3702; x_wconf 77' lang='lat' dir='ltr'><strong>capessendum</strong></span> <span class='ocrx_word' id='word_1_295' title='bbox 629 3647 681 3685; x_wconf 84' lang='lat' dir='ltr'><strong>nec</strong></span> <span class='ocrx_word' id='word_1_296' title='bbox 706 3631 821 3702; x_wconf 87' lang='lat' dir='ltr'><strong>perditis</strong></span> <span class='ocrx_word' id='word_1_297' title='bbox 843 3628 1003 3682; x_wconf 77' lang='lat' dir='ltr'><strong>bominibus</strong></span> <span class='ocrx_word' id='word_1_298' title='bbox 1029 3645 1094 3682; x_wconf 90' lang='lat' dir='ltr'><strong>suae</strong></span> <span class='ocrx_word' id='word_1_299' title='bbox 1116 3628 1213 3682; x_wconf 82' lang='lat' dir='ltr'><strong>salutis</strong></span> 
     </span>
     <span class='ocr_line' id='line_1_36' title="bbox 127 3699 1229 3770; baseline 0.003 -22"><span class='ocrx_word' id='word_1_300' title='bbox 127 3699 360 3769; x_wconf 82' lang='lat' dir='ltr'><strong>opportunitatem</strong></span> <span class='ocrx_word' id='word_1_301' title='bbox 379 3717 438 3754; x_wconf 84' lang='lat' dir='ltr'><strong>esse</strong></span> <span class='ocrx_word' id='word_1_302' title='bbox 456 3701 665 3756; x_wconf 84' lang='lat' dir='ltr'><strong>condonandam</strong></span> <span class='ocrx_word' id='word_1_303' title='bbox 681 3699 816 3754; x_wconf 83' lang='lat' dir='ltr'><strong>dictitare.</strong></span> <span class='ocrx_word' id='word_1_304' title='bbox 860 3701 897 3753; x_wconf 82' lang='lat' dir='ltr'><strong>At</strong></span> <span class='ocrx_word' id='word_1_305' title='bbox 912 3716 1025 3770; x_wconf 76' lang='lat' dir='ltr'><strong>magnus</strong></span> <span class='ocrx_word' id='word_1_306' title='bbox 1043 3700 1208 3751; x_wconf 83' lang='lat' dir='ltr'><strong>domesticus</strong></span> <span class='ocrx_word' id='word_1_307' title='bbox 1226 3699 1229 3705; x_wconf 87' lang='lat'>&#39;</span> 
     </span>
     <span class='ocr_line' id='line_1_37' title="bbox 127 3771 1210 3843; baseline 0.002 -23"><span class='ocrx_word' id='word_1_308' title='bbox 127 3771 181 3820; x_wconf 90' lang='lat' dir='ltr'><strong>iam</strong></span> <span class='ocrx_word' id='word_1_309' title='bbox 200 3787 231 3824; x_wconf 87' lang='lat' dir='ltr'><strong>ae</strong></span> <span class='ocrx_word' id='word_1_310' title='bbox 250 3771 322 3822; x_wconf 86' lang='lat' dir='ltr'><strong>iuter</strong></span> <span class='ocrx_word' id='word_1_311' title='bbox 348 3787 453 3824; x_wconf 87' lang='lat' dir='ltr'><strong>sacrum</strong></span> <span class='ocrx_word' id='word_1_312' title='bbox 475 3789 624 3843; x_wconf 82' lang='lat' dir='ltr'><strong>saxumque</strong></span> <span class='ocrx_word' id='word_1_313' title='bbox 644 3781 716 3825; x_wconf 86' lang='lat' dir='ltr'><strong>stare</strong></span> <span class='ocrx_word' id='word_1_314' title='bbox 737 3771 834 3824; x_wconf 81' lang='lat' dir='ltr'><strong>videns</strong></span> <span class='ocrx_word' id='word_1_315' title='bbox 853 3779 882 3824; x_wconf 90' lang='lat' dir='ltr'><strong>et</strong></span> <span class='ocrx_word' id='word_1_316' title='bbox 899 3789 952 3825; x_wconf 86' lang='lat' dir='ltr'><strong>neo</strong></span> <span class='ocrx_word' id='word_1_317' title='bbox 970 3771 1030 3840; x_wconf 88' lang='lat' dir='ltr'><strong>ipse</strong></span> <span class='ocrx_word' id='word_1_318' title='bbox 1054 3771 1126 3821; x_wconf 87' lang='lat' dir='ltr'><strong>ultra</strong></span> <span class='ocrx_word' id='word_1_319' title='bbox 1144 3785 1210 3840; x_wconf 87' lang='lat' dir='ltr'><strong>pro-</strong></span> 
     </span>
     <span class='ocr_line' id='line_1_38' title="bbox 126 3839 1213 3912; baseline 0 -22"><span class='ocrx_word' id='word_1_320' title='bbox 126 3839 270 3892; x_wconf 83' lang='lat' dir='ltr'><strong>latandum</strong></span> <span class='ocrx_word' id='word_1_321' title='bbox 287 3855 420 3907; x_wconf 78' lang='lat' dir='ltr'><strong>cenaene,</strong></span> <span class='ocrx_word' id='word_1_322' title='bbox 447 3842 482 3896; x_wconf 92' lang='lat' dir='ltr'><strong>ad</strong></span> <span class='ocrx_word' id='word_1_323' title='bbox 507 3843 653 3894; x_wconf 80' lang='lat' dir='ltr'><strong>consilium</strong></span> <span class='ocrx_word' id='word_1_324' title='bbox 677 3839 777 3905; x_wconf 79' lang='lat' dir='ltr'><strong>refert,</strong></span> <span class='ocrx_word' id='word_1_325' title='bbox 794 3841 862 3912; x_wconf 90' lang='lat' dir='ltr'><strong>quid</strong></span> <span class='ocrx_word' id='word_1_326' title='bbox 878 3841 927 3894; x_wconf 92' lang='lat' dir='ltr'><strong>tali</strong></span> <span class='ocrx_word' id='word_1_327' title='bbox 955 3842 1116 3910; x_wconf 86' lang='lat' dir='ltr'><strong>praesertim</strong></span> <span class='ocrx_word' id='word_1_328' title='bbox 1142 3848 1213 3892; x_wconf 88' lang='lat' dir='ltr'><strong>tem·</strong></span> 
     </span>
     <span class='ocr_line' id='line_1_39' title="bbox 126 3909 1214 3984; baseline 0 -22"><span class='ocrx_word' id='word_1_329' title='bbox 126 3923 193 3978; x_wconf 82' lang='lat' dir='ltr'><strong>pere</strong></span> <span class='ocrx_word' id='word_1_330' title='bbox 210 3909 367 3963; x_wconf 79' lang='lat' dir='ltr'><strong>iaciendum</strong></span> <span class='ocrx_word' id='word_1_331' title='bbox 385 3913 438 3976; x_wconf 87' lang='lat' dir='ltr'><strong>sit,</strong></span> <span class='ocrx_word' id='word_1_332' title='bbox 456 3913 579 3984; x_wconf 84' lang='lat' dir='ltr'><strong>exquirit</strong></span> <span class='ocrx_word' id='word_1_333' title='bbox 595 3929 627 3964; x_wconf 89' lang='lat' dir='ltr'><strong>ae</strong></span> <span class='ocrx_word' id='word_1_334' title='bbox 642 3911 767 3981; x_wconf 83' lang='lat' dir='ltr'><strong>princeps</strong></span> <span class='ocrx_word' id='word_1_335' title='bbox 787 3913 847 3979; x_wconf 87' lang='lat' dir='ltr'><strong>ipse</strong></span> <span class='ocrx_word' id='word_1_336' title='bbox 864 3910 988 3974; x_wconf 82' lang='lat' dir='ltr'><strong>consilii,</strong></span> <span class='ocrx_word' id='word_1_337' title='bbox 1013 3910 1088 3963; x_wconf 84' lang='lat' dir='ltr'><strong>bunc</strong></span> <span class='ocrx_word' id='word_1_338' title='bbox 1105 3911 1135 3960; x_wconf 89' lang='lat' dir='ltr'><strong>in</strong></span> <span class='ocrx_word' id='word_1_339' title='bbox 1149 3925 1214 3962; x_wconf 86' lang='lat' dir='ltr'><strong>ruo·</strong></span> 
     </span>
     <span class='ocr_line' id='line_1_40' title="bbox 128 3977 1213 4050; baseline 0.002 -20"><span class='ocrx_word' id='word_1_340' title='bbox 128 3977 192 4031; x_wconf 87' lang='lat' dir='ltr'><strong>dum</strong></span> <span class='ocrx_word' id='word_1_341' title='bbox 216 3979 335 4034; x_wconf 78' lang='lat' dir='ltr'><strong>disserit.</strong></span> <span class='ocrx_word' id='word_1_342' title='bbox 370 3981 451 4050; x_wconf 87' lang='lat' dir='ltr'><strong>Quae</strong></span> <span class='ocrx_word' id='word_1_343' title='bbox 467 3998 541 4034; x_wconf 88' lang='lat' dir='ltr'><strong>nuno</strong></span> <span class='ocrx_word' id='word_1_344' title='bbox 564 3983 601 4034; x_wconf 87' lang='lat' dir='ltr'><strong>ait</strong></span> <span class='ocrx_word' id='word_1_345' title='bbox 623 3997 711 4034; x_wconf 85' lang='lat' dir='ltr'><strong>rerum</strong></span> <span class='ocrx_word' id='word_1_346' title='bbox 729 3979 872 4034; x_wconf 78' lang='lat' dir='ltr'><strong>difficultas</strong></span> <span class='ocrx_word' id='word_1_347' title='bbox 888 3979 1133 4050; x_wconf 87' lang='lat' dir='ltr'><strong>perturbatioque,</strong></span> <span class='ocrx_word' id='word_1_348' title='bbox 1159 3981 1213 4032; x_wconf 83' lang='lat' dir='ltr'><strong>viri</strong></span> 
     </span>
     <span class='ocr_line' id='line_1_41' title="bbox 128 4049 1212 4134; baseline -0.003 -33"><span class='ocrx_word' id='word_1_349' title='bbox 128 4051 330 4103; x_wconf 76' lang='lat' dir='ltr'><strong>commilitones</strong></span> <span class='ocrx_word' id='word_1_350' title='bbox 355 4061 385 4104; x_wconf 86' lang='lat' dir='ltr'><strong>et</strong></span> <span class='ocrx_word' id='word_1_351' title='bbox 408 4061 511 4134; x_wconf 79' lang='lat' dir='ltr'><strong>quanto</strong></span> <span class='ocrx_word' id='word_1_352' title='bbox 537 4053 660 4104; x_wconf 85' lang='lat' dir='ltr'><strong>afflictior</strong></span> <span class='ocrx_word' id='word_1_353' title='bbox 683 4058 768 4102; x_wconf 80' lang='lat' dir='ltr'><strong>status</strong></span> <span class='ocrx_word' id='word_1_354' title='bbox 798 4049 843 4101; x_wconf 84' lang='lat' dir='ltr'><strong>bie</strong></span> <span class='ocrx_word' id='word_1_355' title='bbox 867 4051 975 4103; x_wconf 82' lang='lat' dir='ltr'><strong>iuturus</strong></span> <span class='ocrx_word' id='word_1_356' title='bbox 999 4052 1053 4118; x_wconf 82' lang='lat' dir='ltr'><strong>sit,</strong></span> <span class='ocrx_word' id='word_1_357' title='bbox 1083 4049 1212 4101; x_wconf 89' lang='lat' dir='ltr'><strong>omuibus</strong></span> 
     </span>
     <span class='ocr_line' id='line_1_42' title="bbox 127 4116 1211 4191; baseline -0.001 -21"><span class='ocrx_word' id='word_1_358' title='bbox 127 4117 206 4174; x_wconf 79' lang='lat' dir='ltr'><strong>robis</strong></span> <span class='ocrx_word' id='word_1_359' title='bbox 224 4121 284 4172; x_wconf 88' lang='lat' dir='ltr'><strong>sine</strong></span> <span class='ocrx_word' id='word_1_360' title='bbox 306 4119 463 4174; x_wconf 78' lang='lat' dir='ltr'><strong>discrimine</strong></span> <span class='ocrx_word' id='word_1_361' title='bbox 482 4131 612 4191; x_wconf 79' lang='lat' dir='ltr'><strong>exputare</strong></span> <span class='ocrx_word' id='word_1_362' title='bbox 636 4121 741 4174; x_wconf 80' lang='lat' dir='ltr'><strong>licitum</strong></span> <span class='ocrx_word' id='word_1_363' title='bbox 768 4129 818 4177; x_wconf 83' lang='lat' dir='ltr'><strong>est,</strong></span> <span class='ocrx_word' id='word_1_364' title='bbox 852 4121 908 4190; x_wconf 78' lang='lat' dir='ltr'><strong>Ego</strong></span> <span class='ocrx_word' id='word_1_365' title='bbox 931 4122 1037 4173; x_wconf 80' lang='lat' dir='ltr'><strong>verosi</strong></span> <span class='ocrx_word' id='word_1_366' title='bbox 1060 4127 1108 4170; x_wconf 84' lang='lat' dir='ltr'><strong>aut</strong></span> <span class='ocrx_word' id='word_1_367' title='bbox 1130 4116 1211 4169; x_wconf 86' lang='lat' dir='ltr'><strong>modo</strong></span> 
     </span>
     <span class='ocr_line' id='line_1_43' title="bbox 129 4190 1212 4260; baseline 0.002 -18"><span class='ocrx_word' id='word_1_368' title='bbox 129 4203 163 4242; x_wconf 80' lang='lat' dir='ltr'><strong>ex</strong></span> <span class='ocrx_word' id='word_1_369' title='bbox 183 4191 327 4260; x_wconf 72' lang='lat' dir='ltr'><strong>peregrine</strong></span> <span class='ocrx_word' id='word_1_370' title='bbox 349 4193 460 4259; x_wconf 80' lang='lat' dir='ltr'><strong>regione</strong></span> <span class='ocrx_word' id='word_1_371' title='bbox 478 4191 665 4253; x_wconf 73' lang='lat' dir='ltr'><strong>adventarent,</strong></span> <span class='ocrx_word' id='word_1_372' title='bbox 689 4197 737 4242; x_wconf 85' lang='lat' dir='ltr'><strong>unt</strong></span> <span class='ocrx_word' id='word_1_373' title='bbox 751 4190 823 4260; x_wconf 89' lang='lat' dir='ltr'><strong>apud</strong></span> <span class='ocrx_word' id='word_1_374' title='bbox 842 4207 889 4244; x_wconf 89' lang='lat' dir='ltr'><strong>vos</strong></span> <span class='ocrx_word' id='word_1_375' title='bbox 907 4191 1026 4258; x_wconf 72' lang='lat' dir='ltr'><strong>degens,</strong></span> <span class='ocrx_word' id='word_1_376' title='bbox 1048 4190 1122 4240; x_wconf 77' lang='lat' dir='ltr'><strong>velut</strong></span> <span class='ocrx_word' id='word_1_377' title='bbox 1141 4201 1212 4239; x_wconf 70' lang='lat' dir='ltr'><strong>unu!</strong></span> 
     </span>
     <span class='ocr_line' id='line_1_44' title="bbox 128 4257 1212 4332; baseline 0.001 -22"><span class='ocrx_word' id='word_1_378' title='bbox 128 4257 163 4310; x_wconf 78' lang='lat' dir='ltr'><strong>de</strong></span> <span class='ocrx_word' id='word_1_379' title='bbox 180 4258 272 4312; x_wconf 83' lang='lat' dir='ltr'><strong>media</strong></span> <span class='ocrx_word' id='word_1_380' title='bbox 291 4261 392 4332; x_wconf 86' lang='lat' dir='ltr'><strong>plebe,</strong></span> <span class='ocrx_word' id='word_1_381' title='bbox 410 4263 566 4332; x_wconf 71' lang='lat' dir='ltr'><strong>ignorarer,</strong></span> <span class='ocrx_word' id='word_1_382' title='bbox 585 4269 658 4316; x_wconf 83' lang='lat' dir='ltr'><strong>esset</strong></span> <span class='ocrx_word' id='word_1_383' title='bbox 673 4261 802 4326; x_wconf 72' lang='lat' dir='ltr'><strong>formae,</strong></span> <span class='ocrx_word' id='word_1_384' title='bbox 826 4275 875 4314; x_wconf 86' lang='lat' dir='ltr'><strong>eur</strong></span> <span class='ocrx_word' id='word_1_385' title='bbox 900 4277 990 4314; x_wconf 88' lang='lat' dir='ltr'><strong>mores</strong></span> <span class='ocrx_word' id='word_1_386' title='bbox 1015 4259 1212 4328; x_wconf 78' lang='lat' dir='ltr'><strong>ingeniumque</strong></span> 
     </span>
    </p>
   </div>
   <div class='ocr_carea' id='block_1_5' title="bbox 165 4359 1016 4420">
    <p class='ocr_par' dir='ltr' id='par_1_6' title="bbox 165 4359 1016 4420">
     <span class='ocr_line' id='line_1_45' title="bbox 165 4359 1016 4420; baseline 0.002 -6"><span class='ocrx_word' id='word_1_387' title='bbox 165 4359 374 4419; x_wconf 80' lang='lat' dir='ltr'><strong>Centaeuzenus</strong></span> <span class='ocrx_word' id='word_1_388' title='bbox 395 4363 431 4420; x_wconf 84' lang='lat'><strong>11.</strong></span> <span class='ocrx_word' id='word_1_389' title='bbox 984 4379 1016 4417; x_wconf 92' lang='grc' dir='ltr'><strong>ιο</strong></span> 
     </span>
    </p>
   </div>
   <div class='ocr_carea' id='block_1_6' title="bbox 0 0 1577 4900">
    <p class='ocr_par' dir='ltr' id='par_1_7' title="bbox 0 0 1577 4900">
     <span class='ocr_line' id='line_1_46' title="bbox 0 0 1577 4900; baseline 0 0"><span class='ocrx_word' id='word_1_390' title='bbox 0 0 1577 4900; x_wconf 95' lang='lat' dir='ltr'><strong> </strong></span> 
     </span>
    </p>
   </div>
  </div>
 </body>
</html>
