3125 4900
315 251 374 365 94
709 270 991 341 csurscuzrru

166 432 237 491 1.ss
250 424 339 516 sitsi}
364 426 517 517 πρότερον
541 426 675 513 εὐμενὴς
705 430 761 495 ναί
787 429 918 495 πλείονα
946 431 1098 516 ταρίχων
1126 428 1184 514 τήν
1216 427 1315 515 ῥοπὴν
1340 427 1400 495 troi

311 532 531 616 άκριβέστερον
559 532 722 615 προσέχων
742 518 864 615 ἑωρᾶτο
884 533 928 619 τῷ
946 528 1071 618 μεγάλῳ
1091 530 1281 617 δομευτίκιρ,
1304 525 1324 592 il
1342 532 1400 594 eui

308 631 606 716 perterrerentur
637 625 694 713 τὴν
721 632 843 715 μητέρα
864 625 1097 713 παρεσκεύαζεν
1114 629 1280 696 &aeroas
1318 626 1397 705 τούς

291 734 368 814 ,μὲν
391 722 447 795 σάν
467 726 670 815 συκοφάντας
692 722 793 803 οάτως
814 721 1066 794 άπεσκεάαστοδ
1093 724 1259 810 βασιλεδς,
1287 729 1395 817 inscios

308 834 336 897 δ’
358 826 502 913 ἅπαντα,
521 829 597 913 περί
616 818 661 893 ὧν
681 828 701 913 ἦ
721 829 847 911 βασιλίς
866 822 951 911 ἥκει,
971 824 1125 907 ε’ξειποδν,
1152 820 1249 902 αὖθις
1267 831 1414 909 pleucios

306 928 365 1015 τὴν
385 930 520 1015 ἐσθῆτα,
543 928 574 992 εἰ
588 923 632 1012 μή
652 951 709 992 του
731 918 855 1009 ἄλλον,
885 929 942 1011 τῆς
968 930 1045 1011 γοῦν
1068 930 1131 991 τάν
1149 930 1272 991 πολλάν
1301 928 1395 1012 δυ’ξφς
1435 971 1438 975 -

306 1032 409 1112 ἕνεκα,
427 1022 652 1110 συνεβούλευεν
670 1020 856 1109 ἀναλαβεῖν,
877 1026 915 1115 δυ’
936 1028 1073 1102 ἐκείνους
1090 1049 1125 1092 τι
1144 1020 1290 1114 ἀποδείξῃ
1311 1022 1394 1090 άπα-

203 1129 233 1183 Ρ.
244 1132 294 1203 395
306 1126 478 1203 πτεάοντσς
505 1126 610 1210 creor,
648 1123 704 1189 καί
734 1118 834 1190 adsto
854 1128 981 1191 πολλάν
1000 1124 1198 1208 πραγμάτων
1217 1124 1393 1212 ἀπαλλάξῃ.

305 1231 435 1303 ἐκεῖνος·
454 1226 490 1291 δὲ
515 1229 646 1307 βασιλεῖ
658 1224 718 1305 μὲν
736 1220 856 1299 πολλάς
874 1229 929 1309 τῆς
949 1228 995 1300 εἰς
1017 1222 1119 1289 αάτάν
1149 1222 1311 1305 εάμενειας
1329 1221 1393 1307 χά-

304 1350 396 1413 ριτας
427 1320 580 1407 ω’μσλάγει
608 1326 737 1408 καὶτῆς
758 1326 1013 1406 ααλοκάγαδιας·
1039 1322 1076 1388 τδ
1105 1325 1135 1389 δ’
1164 1325 1209 1399 εἰς
1236 1325 1432 1406 βασιλέωςιο

305 1427 414 1509 σχῆμα
438 1423 640 1506 μεταμείβειν
655 1424 697 1487 ου’
710 1425 832 1505 μᾶλλον
846 1420 961 1506 ἑτέρων
975 1426 1091 1506 αἰτιῶν,
1112 1416 1213 1509 dreis
1231 1446 1392 1511 συκοφαν-

301 1525 364 1590 τεῖν
383 1523 474 1587 ἕνεκα
491 1515 550 1585 oris
568 1519 741 1606 ἐθελήσειν,
762 1516 898 1611 ἳνάάτρῖ
917 1522 1014 1611 τοάτιρ
1033 1527 1087 1607 τῆς
1107 1525 1296 1607 κακουργάις
1309 1526 1393 1604 λαμ·

300 1620 382 1711 βάνφ
404 1623 494 1697 δίκας
513 1626 587 1708 παρ’
609 1620 735 1703 uelocis,
764 1618 868 1707 ἔργοις
897 1617 1005 1697 αὐτοῖς
1031 1622 1234 1709 συκοφάντας
1251 1624 1394 1708 α’ποφαί·

298 1746 373 1788 νων.
419 1720 517 1796 ου’τὸς
537 1718 648 1785 δὲκαὶ
667 1719 742 1806 πρίν
758 1720 909 1802 βασιλίδα
930 1718 1017 1805 ἥκειν
1023 1771 1034 1801 ,
1056 1720 1131 1805 περὶ
1150 1711 1195 1787 ὧν
1217 1720 1389 1806 α’φίξεται,

299 1820 438 1909 ἔφασκεν
458 1822 587 1885 εἰδέναι.
607 1816 663 1883 καί
679 1818 738 1903 γάρ
759 1818 878 1883 πάντά
899 1816 1064 1905 α’πόῤῥητα
1092 1818 1285 1884 συνειδότων
1306 1818 1428 1907 αάτῇις

196 1932 228 1987 v.
237 1934 289 1995 320
298 1944 382 1996 τινες
401 1914 547 2003 πρότερον
567 1917 710 1993 ἐλθόντες
727 1913 785 2001 τήν
802 1940 837 1982 τε
857 1909 1079 2001 άφιξιναάτῆς
1105 1921 1183 2001 περί
1208 1910 1253 1983 ὧν
1268 1919 1389 2001 γένοιτο

299 2021 391 2097 νυνί,
421 2014 549 2101 ἔνδηλον
573 2017 699 2080 ἐποίουν
729 2019 775 2103 τῷ
792 2013 920 2103 μεγάλῳ
941 2016 1114 2104 δομεστάτφ
1134 2021 1190 2081 καί
1203 2015 1277 2092 τούς
1297 2040 1388 2082 ουνε-

299 2112 490 2190 σνευανδτας
515 2114 573 2199 τὴν
605 2110 788 2197 ἐπιβουλήν.
828 2111 1055 2196 συνεβούλευόν
1082 2141 1115 2181 τε
1144 2113 1224 2200 πρδς
1252 2120 1387 2198 βασιλέα

270 2210 490 2300 Βσυγαροάειν
507 2214 638 2297 Ιε’νιείνφν
670 2212 727 2277 τδν
746 2210 825 2277 ὐἱὸν
845 2210 1015 2299 φθάσαντα
1044 2211 1102 2299 τὴν
1122 2212 1239 2299 ἔφοδον
1258 2218 1314 2280 καί
1330 2209 1386 2278 λά·

293 2338 360 2399 γσις
382 2312 611 2393 πεπλασμένοις
630 2308 688 2395 τήν
705 2313 862 2394 βασιλέως
874 2309 1075 2394 ἐκταράττειν
1087 2313 1214 2398 ψυχὴν,
1236 2312 1427 2399 ἵν’ἕκεινηςο

292 2415 394 2499 μηδὲν
424 2407 531 2478 dedra
558 2404 661 2499 ᾔτάν
686 2415 943 2495 βεβουλευμένων
970 2408 1102 2499 δυνατή.
1153 2411 1222 2478 o‘d'
1240 2412 1384 2495 άπεπέμ·

290 2533 377 2599 ιματο
398 2510 480 2599 πρὸς
514 2509 629 2599 ὀργὴν,
663 2509 708 2588 οἷς
742 2513 835 2577 ου’δὲν
855 2506 984 2593 ἄμεινον
1003 2513 1160 2594 πολεμιων
1180 2510 1261 2598 πρὸς
1284 2507 1384 2577 airis

287 2615 534 2696 διακειμένους,
562 2615 620 2678 καί
650 2613 754 2678 ταῦτα
785 2613 888 2699 φιλων
918 2614 1151 2699 περικειμένους
1177 2619 1385 2697 προσωπεῖον.

360 2805 386 2844 a.
403 2783 495 2858 άρβτο
515 2787 543 2838 Ρ.
612 2799 654 2838 ar.
670 2781 867 2853 βαυλευμένυν
881 2785 913 2838 l’.

232 2970 235 2977 ’
290 2969 418 3025 magnum
432 2948 610 3004 domesticum
624 2946 779 3019 complecti,
794 2949 956 3018 propensius
969 2949 996 3002 ei
1014 2947 1105 3002 iuvere
1120 2957 1149 3002 et
1158 2950 1320 3003 familiarius
1332 2947 1382 3001 ad·

291 3023 389 3078 hibere
408 3023 481 3074 risus
501 3027 558 3072 est:
578 3033 649 3089 quae
667 3033 710 3070 res
728 3021 809 3069 matri
828 3035 979 3071 moerorem
1001 3022 1158 3072 cumulavit.
1194 3020 1381 3090 Sycophanta·

288 3097 385 3166 itaque
405 3089 531 3146 adhunc
555 3089 667 3142 ruodum
691 3091 807 3141 removit
833 3091 983 3159 Imperator
1005 3091 1209 3162 domesticoque
1236 3093 1380 3154 omnibus,

289 3183 373 3235 super
390 3161 492 3234 quibus
509 3169 595 3213 mater
614 3161 649 3213 ed
671 3162 988 3223 reverentissimus,
1023 3177 1170 3231 purpuram
1194 3163 1290 3215 saltem
1313 3177 1382 3232 pro·-

288 3244 352 3308 pter
370 3234 444 3303 vulgi
462 3234 622 3301 opinionem
640 3228 772 3284 suadebat
789 3246 939 3295 assumere,
956 3246 992 3283 nc
1009 3246 1099 3284 veram
1117 3248 1176 3284 esse
1194 3234 1379 3302 suspicionem

289 3303 450 3358 ostenderet
490 3303 635 3374 ipsumque
667 3301 762 3354 multis
795 3302 928 3354 molestiis
963 3302 1073 3354 levaret.
1118 3305 1290 3355 Domesticus
1321 3310 1380 3354 tam

290 3377 393 3427 amicae
413 3381 442 3424 ct
464 3373 597 3425 candidae
616 3389 679 3442 erga
703 3388 732 3424 se
756 3371 892 3424 voluntati
919 3371 1013 3442 gratiis
1039 3373 1120 3435 actis,
1147 3371 1273 3426 habitum
1300 3388 1379 3425 suum

290 3461 353 3496 curn
373 3443 551 3512 imperatorio
576 3453 688 3512 propter
718 3441 932 3494 obtrectatorum
950 3443 1057 3496 voculas
1075 3446 1235 3511 praesertim
1254 3459 1378 3496 commu.

292 3523 352 3568 tare
372 3531 428 3565 uon
447 3514 520 3566 rultr
538 3529 567 3564 re
586 3515 656 3583 ipsa,
673 3529 732 3565 esse
753 3513 971 3576 calumniatores,
989 3514 1075 3583 palam
1095 3515 1242 3566 ostendens
1262 3523 1291 3566 et
1311 3529 1380 3583 poe·

291 3603 342 3638 nas
364 3585 511 3636 decorum
535 3583 711 3652 improbitate
734 3599 852 3635 sumens.
888 3583 923 3636 Se
950 3601 1079 3655 quoque,
1098 3585 1255 3654 priusquam
1272 3584 1380 3636 veniret

290 3653 466 3724 imperatrix,
496 3670 578 3723 quam
603 3654 639 3705 ob
659 3669 766 3704 causam
791 3661 905 3707 ventura
933 3663 1020 3717 esset,
1044 3656 1209 3722 cognovisse.
1256 3652 1378 3726 Quidam

289 3725 364 3776 enim
379 3724 469 3776 eidem
486 3725 632 3786 asceretis,
652 3739 695 3773 ma
715 3741 779 3775 num
795 3723 974 3777 domesticum
991 3725 1025 3776 de
1035 3724 1111 3776 aditu
1129 3726 1187 3777 eius
1202 3733 1231 3777 et
1247 3725 1282 3777 de
1296 3737 1377 3775 οτιιιι

289 3793 379 3866 ‹lcquc
396 3793 586 3846 inventoribus
612 3801 641 3845 et
660 3739 814 3848 arcghiteciis
830 3794 912 3847 liuius
931 3795 988 3848 doli
1011 3805 1258 3864 praemonuerunt:
1285 3795 1378 3847 consi·

288 3865 411 3935 liumque
432 3863 578 3927 dederuut,
607 3872 639 3915 ut
655 3881 761 3916 accessu
803 3874 1000 3934 raeoccupato,
1025 3867 1099 3917 illam
1124 3882 1184 3916 cum
1210 3869 1377 3936 imperatore

288 3935 488 3997 committeret,
513 3935 637 4003 fictisque
663 3882 835 3988 sermouilus
864 3951 926 3987 euru
953 3943 1120 3998 exterreret,
1143 3953 1198 4006 quo
1227 3937 1275 3987 illa
1302 3935 1377 3988 nilril

289 4023 397 4067 corum,
422 4020 493 4075 quae
514 4011 662 4068 statuerat,
687 4006 819 4074 perficere
835 4012 936 4073 posset.
972 4005 1072 4056 Verum
1095 4006 1177 4058 hosce
1202 4007 1376 4059 consiiiarius

287 4077 374 4129 iratus
393 4075 511 4136 dimisit,
528 4083 560 4126 ut
577 4075 626 4144 qui
644 4073 694 4128 sub
713 4077 862 4128 amicorum
879 4091 995 4146 persona
1019 4076 1147 4128 hostilem
1165 4087 1290 4146 tegerent
1313 4079 1378 4128 ani-

286 4163 374 4214 mum,
402 4147 551 4198 nonenim
568 4145 635 4198 talia
654 4162 682 4198 se
699 4147 812 4208 decere,
831 4146 879 4198 sed
897 4162 1007 4215 prorsus
1028 4151 1183 4210 contraria,
1205 4155 1237 4200 ut
1256 4149 1279 4201 si
1298 4146 1377 4218 quod

288 4226 360 4272 esset
377 4217 537 4289 imperatori
559 4231 621 4272 cum
647 4225 735 4272 matre
752 4214 915 4281 dissidium,
940 4217 976 4270 ad
1004 4218 1235 4281 reconciliandam
1261 4219 1375 4292 matiam
