3125 4900
495 352 778 421 msromlauu
806 359 861 420 m.
892 364 946 427 τι.
1164 331 1242 445 ¹47

162 509 197 574 δὲ
220 506 282 572 άπὸ
304 508 368 573 τῶν
388 503 578 593 πραγμάτων
599 507 765 593 φυσηθεὶς,
786 507 916 591 ἔμελλον
935 506 1170 593 τὴνῬωμαιίον
1183 513 1312 596 etp-sm
1325 522 1387 595 sili

158 605 220 691 χὴν
239 607 366 693 ἕμαυτρῖ
387 618 576 691 περιποιεῖν,
606 610 651 683 εἰς
671 608 827 689 βασιλέως
848 608 956 693 σχὴμα
974 606 1131 692 τόπορόν
1149 634 1245 691 μετο-

159 704 274 790 βαλῶν.
316 704 393 790 περὶ
409 708 468 786 μὲν
488 704 548 790 γάρ
568 710 627 771 τοῶ
649 704 909 793 παρεληλυθότος
929 704 1013 770 adrat
1037 704 1076 770 τά
1098 711 1245 792 πράγμα-

159 830 198 871 τα
227 801 525 891 σομμαρτυρὴσειεν
555 800 593 870 ῶν
613 808 700 888 ἐμοί,
732 802 786 870 ἐπὶ
805 806 841 868 δέ
854 808 916 869 τῶν
936 806 1092 884 έοομένων
1112 806 1151 869 ου’
1168 804 1244 871 θεόν

140 900 255 987 5μόνον
283 905 345 967 τῶν
373 906 627 985 βεβουλευμένων
648 901 822 988 συνίστορα
841 907 1044 989 παρέχομαι,
1079 903 1160 968 atad
1188 907 1245 971 κατ’

159 1004 193 1079 ἐξ
213 994 319 1066 αότῶν
339 1005 402 1066 τῶν
423 1002 645 1087 παρελθόντων
669 1005 732 1067 τῶν
750 996 927 1085 μελλόντων
947 998 1063 1081 ἔξεστιν
1082 1000 1242 1083 ἀπόδειξιν

159 1104 320 1165 ποιεῖσθαι
339 1099 465 1183 έναργὴ.
505 1103 536 1164 εἰ
554 1097 615 1185 γάρ
635 1096 796 1182 τοιοότωνζ
818 1101 894 1164 οἴων
917 1104 1016 1186 φασιν
1031 1098 1061 1165 οἱ
1080 1102 1242 1188 συκοφάν-

159 1222 227 1279 ται,
248 1200 452 1279 ἑπεθύμουν,
483 1201 519 1263 τί
536 1196 680 1279 ε’κῶλυεν,
704 1198 816 1283 ἡνίκα,
844 1202 1000 1280 βασιλέως
1026 1191 1240 1285 τελευτῶντος,

159 1294 230 1373 τοὺς
248 1299 368 1363 ἐκείνου
390 1300 506 1373 παῖδας
526 1286 618 1381 ἔχων,
640 1286 812 1381 ἐποιούμην
832 1294 1039 1379 τάβαοίλεια
1059 1296 1122 1363 άπὸ
1137 1323 1240 1387 φρου-

124 1400 200 1486 sappi
218 1397 273 1461 κατ’
289 1394 371 1479 μετά
391 1397 498 1482 τρίτην
518 1392 639 1481 ἡμέραν
659 1399 714 1460 κατ’
730 1396 895 1477 βασιλίδος
916 1397 1109 1483 α’φιγμένης,
1135 1397 1272 1463 πάνταο

153 1490 305 1581 χρήματα
328 1489 411 1579 ἡσαν
431 1497 481 1560 ἐπ’
500 1498 582 1577 ε’μοί,
604 1490 681 1558 ῶσθ
703 1489 761 1576 ό,τι
778 1499 924 1579 χρῆσθαι
942 1491 1134 1580 η’βοολόμην,
1160 1496 1240 1562 issi-

155 1616 230 1671 νους
248 1597 308 1676 μέν
327 1590 566 1675 άποκτιννόναι,
601 1592 698 1659 adada·
719 1596 753 1657 δὲ
774 1591 833 1677 τὴν
854 1596 1018 1675 βασιλείαν
1037 1585 1114 1657 ἄνευ
1134 1590 1240 1661 πόνων

156 1689 242 1774 ἔχειν
263 1694 317 1755 καί
335 1690 493 1776 ἱδρώτων,
526 1690 652 1767 οὐδενὸς
671 1688 720 1756 ἔτι
741 1694 927 1772 λειπομένου
946 1693 1006 1755 τοῶ
1033 1689 1240 1777 τολμήσοντος

156 1784 369 1853 άνθιλτταοθαι
397 1792 485 1870 ἐμοῖς
527 1788 588 1873 ε’γῶ
613 1792 648 1855 δὲ
669 1789 708 1853 ου’
727 1788 826 1871 μόνον
845 1792 987 1855 τοιοῦτον
1006 1790 1100 1855 addis
1122 1782 1239 1877 ῶφθην

120 1886 346 1972 ιόοιανοηθεός,
366 1883 447 1953 άλλά
469 1886 524 1952 κατ’
542 1888 586 1963 εἷς
607 1886 720 1973 ἐνάτην
739 1884 863 1973 ἡμέραν
884 1890 919 1951 ἐκ
938 1891 995 1973 τῆς
1013 1891 1168 1969 βασιλέως
1187 1913 1238 1954 τε·

151 1990 265 2071 λευτὴς
285 1988 319 2050 έν
336 1981 493 2076 άοφαλεόρ
515 1985 600 2075 πόση
619 1984 832 2072 καταοτὴσας,
851 1983 909 2071 τὴν
929 2010 965 2051 τε
985 1984 1132 2072 φρουράν
1155 1987 1239 2073 dusi-

149 2109 245 2169 γαγον
272 2087 392 2149 ἐκεῖθεν
423 2089 479 2150 aad
507 2082 604 2161 ου’τός
624 2082 701 2151 οἴκοι
724 2086 882 2162 καταστάς
894 2136 903 2167 ,
941 2090 1005 2150 τῶν
1033 2085 1237 2171 πραγμάτων,

152 2180 257 2270 ῶσπερ
279 2188 336 2261 καί
353 2187 520 2269 πρότερον,
543 2180 686 2269 εἰχόμην,
708 2186 803 2251 addis
827 2188 1037 2267 καινοτομῶν,
1063 2183 1139 2249 οὐδὲ
1158 2183 1239 2269 πρός

152 2278 186 2345 τό
217 2288 402 2348 λυσιτελοῦν
422 2282 496 2365 ἐμοὶ
514 2280 554 2346 τά
577 2279 748 2366 πράγματα
770 2285 956 2365 οἰκονομῶν,
990 2286 1024 2360 ἔξ
1048 2272 1095 2348 ῶν
1125 2275 1166 2347 όν
1190 2306 1239 2358 τις

116 2381 244 2474 τορῖἡθη
271 2381 418 2464 δικαίως,
451 2384 495 2461 εἷς
514 2380 654 2465 ’έμαυτόν
682 2382 828 2468 μετάγειν
849 2386 1025 2470 πειρᾶσθαι
1045 2378 1104 2466 τὴν
1124 2380 1239 2468 οἷρχὴν.
1336 2384 1340 2394 ’

151 2480 331 2566 ἐπιτρόποις
349 2507 382 2548 τε
402 2481 462 2566 γάρ
483 2481 665 2566 ἐχρησάμην
684 2486 746 2546 τῶν
765 2485 928 2567 ἐπαρχιῶν
947 2483 1002 2544 καί
1020 2483 1082 2544 τῶν
1102 2477 1232 2563 πόλεων,
1243 2502 1267 2553 ι)

153 2583 187 2644 ολ
202 2583 258 2646 καί
277 2581 428 2667 πρότερον
447 2573 528 2668 ἦσαν
546 2585 701 2664 βασιλέως
721 2584 942 2661 τελευτῶντος,
975 2576 1030 2642 καὶ
1055 2577 1113 2661 τὴν
1140 2592 1239 2664 στρα-

152 2675 229 2761 τιάν,
253 2673 313 2763 adp
334 2673 418 2756 ὅπως
438 2675 640 2765 εόνοὴοουσιν
659 2679 742 2764 ε’μοί,
767 2673 836 2744 ἀλλ’
856 2673 942 2756 ὅπως
959 2675 1097 2762 μάλιστα
1115 2680 1160 2765 τῷ
1174 2701 1239 2741 κοι-

152 2955 306 3000 mutaiurus
326 2965 406 3002 eram.
431 2949 555 3021 Namque
574 2949 607 3002 de
625 2951 791 3020 praeterito,
821 2967 863 3003 res
884 2949 959 3020 ipsse
977 2949 1031 3002 hoe
1047 2951 1236 3003 testabuntur:

152 3035 233 3088 super
252 3020 367 3082 suturis,
394 3036 450 3072 non
472 3022 559 3074 solum
588 3021 676 3074 Deum
699 3023 893 3092 cogitationum
919 3036 1040 3071 mearum
1065 3029 1162 3072 testem
1181 3019 1237 3082 do,

150 3089 301 3141 sedetiam
328 3109 362 3142 ex
385 3091 452 3160 ipsis
480 3093 634 3162 praeteritis
666 3109 696 3143 ea
720 3091 829 3161 liquido
857 3087 969 3158 probari
995 3104 1074 3159 posse
1100 3089 1170 3141 dico.
1206 3087 1239 3139 si

149 3159 225 3212 enim
245 3163 316 3223 ista,
336 3169 367 3214 ut
386 3161 568 3230 sycophantae
586 3162 762 3231 praedicant,
781 3159 1023 3228 concupiscebam,
1049 3161 1120 3230 quid
1136 3157 1236 3228 prohi-

147 3230 252 3294 bebat,
271 3230 398 3300 quando,
418 3232 580 3302 imperatore
598 3233 748 3296 moriente,
775 3231 853 3283 illius
871 3229 942 3280 filios
959 3228 1083 3293 habens,
1101 3228 1236 3297 palatium

147 3299 310 3352 custodibus
326 3303 498 3366 muniebam,
520 3310 548 3356 et
566 3311 629 3372 post
646 3294 719 3355 diem
736 3303 865 3364 tertium,
887 3299 1059 3368 imperatrice
1078 3298 1234 3362 accedente,

147 3372 240 3424 omnia
261 3377 340 3423 erant
362 3373 391 3423 in
410 3390 490 3424 masau
510 3389 583 3435 mea,
609 3379 641 3424 nl
658 3375 692 3424 iis
711 3373 746 3424 ad
763 3372 926 3423 arbitratum
950 3379 1061 3433 uterer,
1084 3372 1154 3440 quin
1172 3370 1234 3422 illos

147 3441 274 3493 emedio
293 3443 418 3494 tollerem
441 3441 507 3494 milri
530 3457 563 3494 ue
589 3443 733 3512 imperium
752 3445 821 3494 citra
843 3439 970 3492 sudorem
995 3457 1026 3490 uc
1049 3437 1173 3492 laborem
1190 3457 1236 3493 re·

146 3512 284 3574 tinerem,
312 3511 388 3562 nullo
406 3514 460 3563 iarn
482 3461 597 3575 relicto,
626 3513 674 3584 qui
692 3531 721 3565 se
738 3513 807 3566 mihi
825 3511 940 3563 auderet
961 3510 1122 3580 opponere?
1148 3510 1234 3580 Atqui

145 3597 264 3633 menon
283 3589 390 3654 tanqum
416 3581 486 3635 nihil
505 3583 693 3636 huiuscemodi
712 3582 862 3634 machinari
886 3584 1028 3650 apparuit,
1057 3582 1105 3632 sed
1123 3595 1186 3630 cum
1205 3582 1234 3634 in

145 3669 250 3704 nonum
271 3649 343 3702 diem
362 3669 377 3704 a
401 3663 487 3705 morte
507 3655 676 3722 imperatoris
698 3655 789 3706 omnia
813 3655 843 3705 in
860 3652 1234 3713 tutissimo'constituissem,

146 3721 298 3775 custodiam
322 3721 423 3775 deinde
449 3726 549 3775 removi
574 3730 603 3775 et
628 3724 701 3775 domi
722 3739 816 3786 meae,
842 3725 915 3775 sicut
936 3731 1034 3788 antea,
1061 3737 1119 3774 τετυ
1138 3737 1233 3773 curare

144 3793 284 3862 publicam
303 3797 428 3861 perrexi,
446 3793 518 3845 nihil
535 3794 600 3846 novi
622 3796 772 3862 iucipiens,
790 3808 881 3863 neque
899 3790 934 3842 ad
953 3807 1042 3844 meum
1061 3792 1234 3843 commodum

143 3864 202 3914 eius
232 3861 459 3932 gubernationem
481 3863 619 3934 dirigens:
654 3863 727 3916 unde
752 3867 906 3916 conanime
930 3864 1076 3930 imperium
1101 3875 1233 3930 occupare

143 3931 281 4004 quispiam
302 3933 362 3986 iure
380 3934 541 4004 putavisset.
577 3933 633 4003 Qui
656 3935 717 3986 vivo
744 3936 908 4004 imperatore
934 3941 1026 3996 erant,
1050 3949 1096 3984 eos
1120 3931 1234 4002 provin·

143 4002 246 4054 ciarssrn
266 4001 432 4076 urbiumque
447 4004 598 4074 praefectos
614 4005 727 4074 reliqui:
749 4012 777 4054 et
798 4013 829 4057 ut
845 4003 980 4056 exercitus
998 4016 1053 4054 nou
1071 4003 1140 4053 milri
1160 4000 1232 4052 bene

140 4071 245 4136 vellet,
278 4071 327 4123 sed
354 4077 491 4126 communi
516 4075 664 4146 plurimum
691 4075 848 4142 prodesset,
881 4071 1046 4126 omnimodis
1083 4071 1230 4127 elaboravi.

141 4142 320 4212 Quinetiam
350 4143 414 4195 dssm
441 4145 552 4196 foedera
577 4162 637 4196 cum
662 4144 783 4196 barbaris
811 4146 934 4196 finitimis
952 4143 1041 4204 inivi,
1068 4158 1149 4194 ucmo
1174 4148 1231 4204 est,

140 4212 191 4282 qui
218 4228 263 4266 sne
292 4215 430 4284 privatum
460 4215 574 4285 aliquod
599 4216 791 4286 compendium
821 4212 1011 4266 communibus
1038 4211 1231 4266 emolumentis

140 4285 331 4354 anteposuisse
364 4285 524 4339 ostenderit.
559 4285 612 4338 ssd
631 4301 691 4338 cum
709 4287 765 4338 illis
785 4285 896 4358 quidem
922 4301 1016 4352 pacem
1036 4283 1077 4333 rei
1103 4280 1230 4350 publicae
