3125 4900
511 343 798 410 ursronrsuuu
826 346 881 406 ιιι.
912 350 961 416 70.
1192 289 1303 431 λη’

196 498 314 561 essenos
333 490 428 579 ἥκειν,
449 484 800 587 ἄρχονταιείσείέξαιτο
820 495 1006 578 πεμφθέντα
1026 490 1115 578 παρὰ
1130 487 1425 575 ’Alcida-lxm

196 597 295 681 δρου·
338 592 467 676 ἔμελλον
487 596 523 659 δέ
542 596 597 657 καί
617 587 770 679 φρουράν.
797 587 926 676 inape
950 596 1012 657 sor
1033 597 1196 679 upsallensi
1214 606 1308 675 μα-(λ

193 692 267 761 θεέν
286 693 304 759 ὅ
325 692 495 777 βασιλείις,
518 695 588 757 sines*
606 696 661 756 καί
680 692 699 777 ἦ
721 691 854 777 στρατιὰ
875 693 980 777 παρῆν
1006 691 1027 778 ἦ
1056 691 1200 779 Περσικὴ
1228 696 1284 761 καί

195 796 272 877 περί
290 796 348 859 τοῦ
369 788 484 878 Κρέλη
504 790 705 873 ἐπυνθάνετο,
725 792 768 867 ὥς
789 792 1018 877 ἀναστρέψειεν
1037 793 1083 867 εἰς
1096 792 1151 875 τὴν
1164 794 1282 859 οίκειλιν

173 889 251 958 osse
271 890 327 977 sris
346 889 466 976 πληγὴν
484 892 540 975 τῆς
562 894 728 977 στρατιᾶς,
751 880 894 971 εὔθυμος
915 887 1078 975 γενόμενος
1103 893 1157 955 καί
1187 895 1283 957 Ματ-

194 996 289 1055 esto
322 988 377 1057 τὸν
407 989 479 1056 υἱὸν
508 984 644 1075 ἄρχοντα
674 996 731 1073 τῆς
751 1013 785 1053 τε
805 993 837 1054 Γ
834 991 986 1074 ρατιανοῦ
1006 987 1061 1055 καί
1080 992 1143 1055 τῶν
1161 984 1282 1072 ἄλλων,

193 1090 233 1156 οἳ
250 1089 384 1175 ὑπήκοοι
413 1083 497 1175 ἦσαν
517 1094 552 1156 έν
571 1094 611 1178 τῇ
632 1092 821 1175 Χαλκιδικῇ,
844 1086 1051 1172 καταλιπῶν,
1078 1089 1122 1165 sic
1140 1084 1206 1173 εἶχε
1225 1088 1282 1156 τοί-

192 1212 290 1273 χους,
327 1188 407 1275 πρὸς
429 1188 571 1275 Μέββαν
599 1187 653 1255 ε’πί
670 1188 746 1263 eosic
766 1186 905 1263 llIooosie
923 1186 1051 1274 έχοόρει.
1095 1188 1282 1269 αἰσθόμενος

196 1292 232 1353 δὲ
249 1289 469 1374 Ἀλέξανδρος,
502 1289 573 1353 έπεί
588 1286 633 1373 μὴ
655 1285 943 1353 transmutasset
962 1287 1101 1371 ἠδύνατο
1123 1286 1200 1374 πρὸς
1218 1287 1280 1369 μα’.

158 1408 256 1472 ιοχην
266 1438 277 1469 ,
303 1390 427 1475 σπουδῇ
448 1392 547 1475 πολλῇ
567 1390 704 1469 διέβαινε
723 1384 776 1451 τὸν
790 1379 904 1470 Ἕβρον
923 1385 1069 1462 ἀτάκτως
1088 1391 1144 1451 καί
1161 1404 1380 1476 nepup·v.q72

194 1487 308 1569 μένοις,
328 1488 386 1553 καί
397 1482 677 1573 ἐστρατοπεδεύετο
697 1487 769 1565 ἐκεῖ,
791 1484 835 1561 ὥς
853 1486 912 1549 τοῦ
925 1488 1071 1567 ποταμοῦ
1090 1485 1281 1565 κωλύσοντος

192 1590 327 1668 βασιλέα
353 1584 397 1671 μή
427 1588 665 1669 συμπλέκεσθαι
693 1580 813 1660 αέτοῖς.
867 1584 1025 1650 α’πώλοντο
1057 1586 1093 1650 δέ
1123 1583 1203 1650 κατα
1224 1584 1280 1651 τὸν

171 1681 291 1773 πόρον
328 1688 524 1768 στρατιῶταί
550 1708 585 1749 τε
615 1684 713 1769 έλίγοι
747 1685 804 1748 καί
835 1686 924 1748 ἵπποι
946 1690 1087 1749 πλεῖστοι
1114 1688 1171 1749 καί
1196 1686 1308 1748 α’πο-Ι)

193 1784 321 1865 σκευαί,
363 1784 401 1850 οὗ
428 1779 523 1866 μόνον
543 1784 605 1848 ὑπὸ
627 1788 683 1850 τοῦ
705 1783 848 1869 ῥείθρου,
869 1784 939 1849 ἀλλ’
960 1779 1011 1847 ὅτι
1024 1786 1081 1847 καί
1099 1780 1128 1847 si
1149 1786 1276 1869 ε’νπρο-

156 1880 317 1959 ιότοίκτοις
331 1880 392 1947 sind
408 1886 564 1965 βασιλέως
584 1888 776 1966 τεταγμένοι,
797 1879 844 1947 ἔτι
867 1885 930 1947 τῶν
950 1886 1079 1947 Μυσῶν
1100 1882 1279 1964 διαβαινόν-

194 2005 265 2063 των,
279 1982 437 2046 ἐπέκειντο
459 1982 574 2057 ου’τοῖς.
613 1978 863 2065 Ὑπερπυροίκιον
883 1982 919 2045 δὲ
940 1974 1039 2057 αὖθις
1060 1976 1279 2045 α’νεσιόσατοὸ

193 2078 359 2163 βασιλειὶς,
382 2082 439 2147 τοῦ
463 2080 550 2167 παρὰ
576 2080 781 2166 Ἀλεξάνδρου
812 2072 964 2165 ἄρχοντος
996 2084 1166 2167 διαδρᾶναι
1187 2084 1280 2163 δυνη-

192 2184 303 2257 θέντος
333 2176 402 2262 ἅμα
433 2186 478 2270 τῷ
504 2186 667 2247 πυθέσθαι
697 2185 831 2263 βασιλέα
856 2176 980 2266 ἥκοντα.
1017 2182 1222 2267 Ἀλέξανδρος
1244 2182 1280 2245 δὲ

191 2290 258 2357 τοῖς
288 2285 442 2363 βασιλέως
476 2286 647 2366 πρέσβεσιν
678 2282 792 2346 αὐτίκα
831 2287 1033 2366 χρηματίσας
1068 2284 1124 2346 καί
1149 2285 1282 2363 θέμενος

150 2378 346 2461 rumorosis,
368 2382 534 2465 ἐξέπεμψε,
556 2384 657 2468 μηδὲν
674 2382 855 2466 ἠδικηκέναι
874 2380 1024 2466 εἰρηκώς,
1046 2384 1088 2446 δι’
1110 2378 1129 2445 ὃ
1150 2384 1281 2458 δικαίοις

193 2481 359 2562 α’μυνεῖται
379 2480 539 2564 βασιλεῦς,
559 2481 614 2546 καί
634 2484 827 2566 α’νέστρεφεν
845 2483 893 2555 εἰς
913 2478 972 2564 τήν
992 2483 1118 2546 οἰκείαν.

272 2580 308 2644 ο’.
350 2581 512 2662 Bacticis
540 2584 576 2646 δὲ
616 2582 759 2662 α’σμέναις
783 2573 1078 2661 ἀποσκευασάμενος
1104 2581 1161 2646 καί
1183 2582 1371 2670 iris-rem

264 2724 304 2761 ιο.
323 2705 508 2776 πεφυρμένος
529 2705 556 2758 P.

192 2801 380 2867 subacturos.¹
411 2801 501 2850 Unum
528 2815 610 2869 porro
630 2799 665 2852 de
685 2799 757 2864 illis,
784 2799 1018 2870 Hyperpyrncinm
1037 2803 1169 2866 nomine,
1194 2801 1278 2856 ctiam

191 2879 256 2922 aute
281 2870 430 2922 Alexandri
456 2870 602 2922 adventum
627 2870 795 2940 praelectum
821 2871 857 2922 ab
883 2889 916 2924 eo
942 2873 1056 2923 missum
1075 2882 1232 2942 susceperat
1248 2882 1278 2927 et

192 2950 251 2993 erat
269 2959 380 3012 quoque
400 2941 565 3011 praesidium
585 2949 783 3011 suscepturum.
819 2942 992 3008 Imperator,
1010 2951 1041 2994 ut
1058 2941 1112 2996 hoc
1129 2960 1163 2994 ex
1179 2943 1277 3010 legatis

191 3012 308 3076 didicit,
339 3013 404 3084 quia
429 3021 457 3064 et
483 3014 620 3065 Persicum
646 3011 800 3066 subsidium
818 3012 957 3073 habebat,
985 3017 1014 3061 et
1038 3013 1143 3065 Crslem
1165 3021 1278 3082 propter

189 3083 299 3152 plagam
325 3090 463 3154 acceptam
489 3083 518 3133 in
540 3085 709 3152 provinciam
728 3098 864 3135 reversum
883 3081 1023 3144 audierat,
1038 3081 1187 3144 hilaratus,
1205 3083 1277 3136 Mat-

189 3153 274 3205 thaeo
307 3153 365 3204 filio
405 3152 609 3222 Gratianopolis
636 3156 809 3222 aliarumque
835 3153 946 3203 urbium
975 3154 1006 3202 in
1038 3151 1195 3204 Chalcidica
1220 3154 1276 3206 silsi

188 3223 347 3292 parentinus
375 3223 512 3291 praelecto
538 3223 649 3286 relicto,
676 3226 705 3276 in
728 3221 867 3278 Morrlrurn
893 3228 989 3275 contra
1013 3223 1122 3274 Moesos
1140 3234 1275 3292 quantum

187 3295 282 3364 potnit
306 3296 471 3363 properavit
519 3293 557 3343 Eo
578 3295 720 3348 intellecto
742 3291 906 3356 Alexander,
921 3292 1053 3362 quonism
1070 3294 1130 3346 scie
1148 3295 1275 3351 resistere

189 3362 347 3434 nequibat,
370 3366 439 3416 mira
466 3363 641 3416 festinatione
665 3374 693 3417 et
718 3365 899 3432 incomposite
924 3372 1008 3432 atque
1033 3367 1149 3416 maluae
1175 3364 1270 3417 Hebro

189 3436 326 3499 transito,
353 3444 439 3487 castra
469 3433 549 3494 lecit,
578 3441 716 3507 tamquam
739 3435 854 3487 flumine
883 3436 1076 3502 imperatorem
1102 3434 1270 3502 impeditum

189 3503 318 3566 scilicet,
344 3522 379 3556 ne
404 3505 466 3556 illos
490 3519 581 3555 secum
610 3521 752 3558 conserere
778 3523 874 3557 manus
897 3503 1080 3571 compelleret.
1127 3507 1275 3558 Summessi

187 3575 256 3628 aunt
281 3577 310 3626 in
338 3577 453 3627 ususitu
478 3573 580 3625 milites
605 3575 712 3647 aliquot
739 3583 767 3626 et
792 3577 856 3644 equi
878 3576 1046 3643 complures,
1063 3579 1187 3629 sarcinae
1209 3579 1276 3629 item

188 3655 219 3698 et
239 3643 434 3714 impedimenta
454 3661 509 3697 non
529 3645 558 3694 in
571 3643 684 3697 flumine
704 3645 853 3709 modo‚scd
871 3644 922 3696 hac
940 3647 1022 3696 etiarn
1040 3647 1076 3698 de
1094 3662 1173 3698 ceusu
1190 3649 1276 3699 smis-

188 3733 235 3776 an,
254 3714 329 3785 quod
351 3717 379 3768 in
406 3715 548 3784 principiis
575 3715 609 3766 sb
627 3719 791 3783 imperatore
811 3715 895 3766 locati
921 3716 1028 3770 Moesos
1057 3716 1147 3769 adhuc
1165 3726 1277 3772 transc-

189 3795 293 3846 nutcs,
319 3803 333 3836 s
358 3795 434 3857 tergo
460 3785 526 3854 ipsis
553 3785 696 3850 instantes,
714 3786 903 3856 perurgebunt
924 3787 1153 3855 lippeepysocium
1173 3798 1276 3852 sutem,

187 3855 346 3924 praesecto,
375 3875 457 3928 quesn
481 3855 632 3908 Alexander
651 3859 826 3918 instituerat,
849 3857 964 3907 simulac
981 3859 1153 3926 imperatoris
1171 3860 1276 3912 adven-

190 3935 248 3978 tum
274 3926 388 3992 assilivit,
410 3930 498 3997 fugae,
522 3927 587 3996 quia
604 3935 722 3996 poterat,
740 3942 769 3979 se
793 3926 950 3990 mandante,
969 3938 1106 3997 receptum
1126 3938 1174 3980 est
1210 3931 1275 3981 Ale·

188 3995 293 4048 xanslcr
312 4015 392 4066 porro
412 4001 515 4068 legulos
534 4013 743 4066 mox‚reaponso
762 3999 827 4050 dato
844 3999 972 4068 factoque
991 3997 1273 4062 foedere,dinsittens,

188 4067 348 4137 addensque
373 4069 445 4122 nihil
470 4087 498 4122 se
525 4087 574 4138 per
591 4069 722 4122 iniuriam
743 4070 926 4132 commisisse,
953 4068 1029 4141 quod
1046 4074 1195 4140 imperator
1215 4086 1275 4120 me·

190 4139 245 4192 tito
266 4139 428 4204 ulciscetur,
447 4141 475 4192 in
494 4157 604 4206 regnum
623 4157 702 4193 suum
724 4157 753 4191 se
772 4140 883 4208 reecpit

262 4225 305 4276 7⁰·
341 4209 489 4277 imperator
521 4229 583 4262 curn
605 4217 633 4262 et
659 4208 842 4262 Alexandrum
863 4209 1021 4262 'submotum
1039 4221 1112 4259 'esso
1135 4205 1276 4273 gauderet,
1333 4259 1337 4268 ,

189 4277 386 4336 Ηετυολεααιοτ
404 4281 574 4352 imperatoris
592 4281 773 4338 adolescentis
784 4281 920 4337 studiosos
937 4279 1067 4336 insedere
1076 4277 1202 4351 μετιέντι,
1214 4295 1277 4334 eum
