3125 4900
436 1203 1085 1321 uuluuou1uuu„

655 1506 855 1516 —.------

207 1823 323 1928 Cum
348 1848 425 1924 iam
450 1850 493 1924 in
514 1874 558 1922 eo
583 1847 673 1937 sim,
700 1865 763 1937 ut,
789 1843 888 1949 quid
913 1846 956 1920 iu
973 1845 1048 1922 hoc
1064 1846 1185 1924 altero
1199 1849 1299 1924 Cun-

204 1972 375 2048 tacuzeni
396 1971 592 2070 volumine
607 1969 836 2076 praestitum
855 1969 919 2058 cit,
945 1993 1150 2072 exponam,
1175 1972 1300 2046 facere

202 2119 284 2170 nou
311 2120 479 2199 possum,
512 2093 612 2198 quin
637 2090 920 2168 acerbissimam
952 2117 1058 2167 casus
1090 2093 1197 2170 illius
1221 2120 1300 2170 mc·

203 2218 367 2294 moriam
392 2209 587 2307 uenovcm,
614 2217 684 2320 qui
712 2216 941 2320 necopinato
962 2241 1090 2321 nuper
1113 2215 1209 2294 boni
1232 2245 1299 2292 cu·

180 2340 342 2444 ,iusque
375 2342 551 2418 animum
589 2339 764 2444 perculit'
789 2355 829 2414 et
861 2338 1007 2414 afflixit·
1057 2339 1177 2415 Cuius
1192 2341 1299 2418 enim

203 2465 363 2541 consilio
388 2465 628 2571 auspiciique
652 2463 835 2539 felicitate
854 2463 1056 2571 liaccipou
1073 2466 1300 2567 Byzantino-

203 2616 293 2665 rum
317 2590 549 2694 scriptorum
574 2586 748 2663 collectio
775 2604 817 2661 et
841 2586 997 2664 condita
1017 2604 1075 2663 est
1096 2606 1137 2663 ct
1156 2588 1200 2663 in
1220 2589 1300 2663 ¹luu-

204 2733 284 2791 tam
313 2740 421 2820 spem
453 2714 634 2801 accicvit,
669 2736 759 2787 eum
789 2712 916 2788 subita
948 2732 1066 2815 utque
1089 2712 1298 2787 immatura

204 2857 327 2914 mortu
352 2859 530 2943 eruptum
555 2839 666 2915 nobis
691 2864 785 2930 esse,
820 2838 1010 2943 quiscat,
1043 2860 1162 2940 quem
1189 2862 1299 2913 nuuc

204 2959 360 3037 demum
384 2960 534 3038 edoceri
559 2964 759 3068 oporteat?
808 2962 967 3068 Quippe
991 2960 1230 3037 Niebuhriuu
1252 2986 1297 3036 ea

201 3104 287 3162 erut
310 3087 477 3163 nominis
501 3086 641 3189 gloria,
667 3087 950 3163 immortalibus
974 3087 1017 3161 in
1043 3112 1125 3161 rem
1150 3084 1297 3161 litteru-

201 3210 301 3287 riam
316 3210 462 3287 meritis
476 3228 606 3317 parta,
637 3230 684 3288 ut
702 3230 742 3288 et
754 3210 877 3302 vivus,
903 3212 1040 3314 siquis
1058 3209 1173 3299 cliuo,
1192 3207 1298 3285 inter
1346 3207 1349 3215 ’

202 3332 455 3410 humanitatis
489 3332 627 3410 decora
669 3332 976 3441 splendidissima
1014 3330 1295 3424 celebramur,

202 3472 260 3547 ct,
285 3456 355 3531 ubi
380 3456 458 3533 vita
484 3454 658 3547 deoessit,
685 3458 802 3559 longe
824 3457 979 3559 lateque
1005 3458 1112 3538 triste
1144 3463 1206 3539 oui
1230 3462 1296 3539 ‹le-

201 3579 388 3657 ciderium
418 3578 657 3659 diffunderet
689 3580 982 3684 communioque
1018 3584 1189 3663 iacturae
1211 3612 1296 3664 oen·

201 3732 289 3783 sum
323 3707 515 3784 excitaret.
573 3710 624 3783 Et
654 3732 744 3783 vcro
776 3708 942 3785 nuntius
973 3708 1043 3786 iste
1066 3736 1118 3812 eol
1143 3715 1296 3817 gmviuc

202 3830 380 3907 omnium
403 3834 552 3911 animoa
566 3832 714 3924 affecit,
742 3830 850 3936 quod
874 3832 918 3909 iu
936 3862 1075 3940 magna
1098 3858 1139 3915 ct
1161 3841 1295 3917 multi-

200 3955 296 4061 plici
329 3955 560 4050 calamitum,
594 3979 733 4061 quam,
764 3976 823 4035 tot
845 3958 938 4034 viris
961 3960 1168 4065 praeclaris
1191 3987 1294 4039 oum-

200 4104 342 4183 moquc
356 4078 555 4158 doctrinae
577 4078 694 4157 laude
709 4082 941 4189 conspicuis,
966 4084 1092 4160 nescio
1117 4112 1195 4189 qua
1221 4086 1292 4163 luti

201 4204 426 4309 iniquitate,
452 4206 556 4287 intra
579 4202 654 4282 hoc
676 4204 791 4282 breve
823 4205 1007 4314 temporis
1028 4209 1197 4316 spatium
1230 4236 1293 4285 ex-
