3125 4900
512 348 798 427 nrsroursuou
827 352 881 413 ιιι.
902 344 990 427 αα·
1183 320 1265 410 555

178 508 292 571 νεοθαι
313 504 425 569 deseri·
447 507 690 587 συναπέστησαν
706 498 768 587 γὰρ
791 504 904 568 αὐτίκα
916 498 1066 591 Βατάτζῃ
1087 503 1144 567 καὶ
1162 502 1337 580 redissem.
1349 511 1416 581 uilo

179 608 237 669 οάκ
259 597 360 689 ὀλίγαι
383 602 557 694 Θρᾳκικαλ,
581 594 627 668 ἀν
654 600 685 667 οῖ
710 604 832 668 ἐκείνου
856 596 958 688 ἦρχον
978 612 1152 686 συγγενεῖς,
1172 606 1267 685 βασι-

177 708 258 779 λέως
279 700 523 789 ἐγκεχειρικότος
545 699 603 779 τάς
623 698 743 787 ἀρχάς·
786 696 873 785 ὅμως
893 702 1073 787 ἀναγκαίως
1098 706 1155 767 καί
1174 700 1270 779 αι’τὸς

177 800 429 891 παρεσκευάζετο
463 801 545 886 πρὸς
569 802 694 886 μάχην,
727 804 786 867 καὶ
809 804 941 885 πέμψας
964 807 1162 884 μετεκαλεῖτο
1191 799 1270 877 τούς

158 897 375 987 ὄστρατιάτας
396 902 433 965 ἐκ
452 904 514 968 ταῖν
531 898 673 983 πόλεων,
703 896 755 977 αἷς
781 894 865 985 ἦσαν
892 904 1175 988 ἐγκαθιέρυμένοι·
1205 896 1269 965 uri·
1362 956 1369 979 ,

178 998 236 1076 τὸς
255 1002 292 1067 ἀὲ
316 1002 503 1087 ἐσκέπτετο,
536 992 559 1090 ᾗ
581 1000 646 1086 χρή
669 1002 844 1065 διαθέσθαι
863 999 903 1067 roi
922 997 1002 1067 κατά
1022 996 1077 1067 τὸν
1097 998 1178 1083 πρὸς
1198 1006 1269 1067 Βα-
1382 1026 1385 1033 ·

177 1095 292 1183 τάτζήν
312 1096 468 1182 πόλεμον,
488 1100 543 1165 καὶ
559 1102 604 1189 τῷ
623 1096 874 1186 πεπρεσβευκότι
892 1097 974 1187 πρὸς
985 1100 1104 1165 ἐκεῖνον
1116 1101 1274 1184 διελέγετο

176 1194 354 1287 Νικήρόρῳ
385 1202 431 1286 τῷ
458 1204 621 1289 Μετοχέτῃ
645 1201 701 1265 ἐπὶ
728 1201 835 1285 κλίνης
862 1198 1084 1279 ἀνακείμενος·
1113 1196 1268 1277 νυστάξας

174 1298 213 1362 δὲ
232 1300 288 1362 ἐπὶ
305 1293 421 1385 μικρὸν
428 1349 439 1380 ,
459 1294 547 1389 ὕπνῳ
578 1294 765 1385 κατελήφθη
792 1296 913 1382 μεταξά
937 1294 1159 1383 διαλεγόμενος
1192 1301 1268 1382 περὶ

27 1457 28 1460 ,
136 1394 338 1482 ιοΒατάτζη.
384 1396 490 1463 ἐδόκει
531 1400 568 1463 δέ
596 1396 677 1488 ἀρήν
707 1396 789 1464 κατά
825 1397 900 1474 τούς
922 1394 1042 1474 ἀπνους
1080 1398 1292 1473 νεανέσκουςῦ

171 1492 234 1559 δυό
268 1494 359 1574 τινάς
388 1500 575 1573 καλλιστους
604 1495 749 1591 κάλλει,
764 1500 883 1564 πέπλον
914 1486 1079 1585 querereris
1107 1493 1213 1580 ἔχειν,
1241 1486 1270 1587 qi

166 1600 317 1680 χρυσοῦς
341 1594 531 1662 ἐντετύπωτο
553 1595 694 1683 σταυρὸς
727 1594 840 1663 inieci
869 1600 1011 1685 τέσσαρα
1033 1592 1151 1683 διήκων
1172 1588 1269 1682 ἀκρα.

166 1695 346 1779 ἐγέγραπτο
376 1697 413 1760 di
441 1694 499 1761 soi
524 1694 599 1781 περὶ
624 1694 681 1762 τάν
709 1694 853 1783 σταυρὸν
884 1694 1052 1781 γράμμασι
1070 1694 1127 1760 καλ
1157 1696 1269 1771 οέτοϊς

164 1802 320 1878 χρυσοῖς·
344 1793 484 1880 ,Ἰησοῦς
513 1794 658 1879 Χριστός
678 1796 782 1884 rard?
817 1786 1011 1884 ιβφέροντες
1044 1792 1074 1861 αἱ
1103 1798 1264 1859 νεανίσκοι

131 1890 422 1978 ι5περιεκάλυπτον
437 1893 498 1959 τὸν
515 1896 661 1979 βασιλέα.
690 1896 793 1960 ταῦτα
812 1898 872 1976 μὲν
892 1887 951 1958 eir
971 1892 989 1957 ἀ
1007 1890 1161 1977 βασιλεάς
1181 1886 1267 1977 ἐιέροι

169 1990 253 2057 κατά
290 1989 368 2068 τοάς
404 1988 546 2077 ἀπνους,
581 1993 639 2058 καὶ
665 1993 798 2073 ἐξυπνος
832 1989 999 2077 γενόμενος
1036 1994 1174 2078 διηγεῖτο
1200 1996 1268 2067 τοῖς

168 2093 338 2170 παροῦσιν.
369 2091 473 2157 ἐδόκει
501 2096 538 2160 δέ
563 2092 673 2169 αάτοϊς
707 2116 741 2159 τε
768 2092 826 2159 καί
850 2098 997 2175 βασιλεῖ’,
1028 2086 1156 2176 ἀγαθοῦ
1183 2112 1268 2167 τινος

167 2187 226 2255 τάν
247 2183 368 2277 ὄνειρον
385 2187 467 2257 εἶναι
487 2195 650 2278 μηνυτήν·
671 2194 793 2281 Ιἐλέγετο
815 2193 872 2273 δέ,
903 2190 947 2269 ἀς
968 2191 1026 2275 τῆς
1056 2185 1158 2275 αὐτῆς
1179 2185 1266 2275 ἀέρας

168 2286 338 2374 Βατάτζής
351 2286 489 2378 ἀνῄρητο
501 2290 565 2355 ἀπὸ
581 2294 731 2378 Περσῶν.
770 2284 854 2357 οάτιο
873 2290 934 2377 γάρ
957 2290 1134 2369 ἐξετάζοντι
1148 2285 1266 2374 ἐμηνύ-

128 2409 224 2454 notro
246 2383 379 2475 ὕστερον
397 2392 443 2479 τῷ
469 2393 606 2473 βασιλεῖ.
649 2388 668 2453 ἀ
694 2390 757 2477 γάρ
779 2390 969 2474 Βατάτζης,
991 2391 1063 2455 ε’πιέ
1082 2385 1114 2454 ei
1134 2390 1265 2473 Πέρσαι

166 2489 339 2572 παρῆσαν,
360 2481 407 2553 dre
427 2489 488 2572 μὲν
507 2487 878 2578 πρὸςΚαντακουζηνόν
897 2486 950 2552 τὸν
967 2490 1103 2571 βασιλέα
1132 2483 1267 2567 πόλεμον

149 2581 329 2675 ’ἀνήρητο,
351 2587 410 2651 οάκ
432 2585 565 2672 ἐδήλου·
585 2590 678 2654 τοῦτο
699 2589 736 2652 δέ
755 2585 855 2668 μόνον
876 2583 1037 2672 ἔφασκεν,
1055 2583 1099 2661 ἀς
1117 2581 1265 2672 ήγήσοιτο

166 2685 221 2751 ἐπὶ
241 2687 393 2774 λεηλασέρι
403 2739 412 2768 ,
435 2686 585 2768 οἰόμενος,
605 2689 637 2751 εἰ
655 2681 807 2770 ἐπαγάγοι
825 2691 898 2760 ταῖς
917 2680 980 2748 ἀπὸ
995 2687 1128 2766 βασιλέα
1148 2678 1290 2746 notzere

168 2787 225 2851 καί
259 2786 411 2862 ἐπιδείξαι
443 2785 727 2868 διισκεδασμένους
754 2781 948 2872 ἀνθρώπους
990 2786 1044 2849 κου’
1076 2777 1264 2869 βοσκήματα

168 3005 253 3059 nrbes
270 3005 412 3068 Thraciae,
432 3004 444 3072 (
463 3019 512 3057 uss
530 3005 704 3074 imperotoris
719 3007 884 3060 sonoritate
904 3007 963 3060 eius
981 3008 1090 3076 cognati
1111 3003 1266 3075 regebant.)

169 3077 349 3130 desciverunt
386 3023 483 3128 Nibiio
509 3077 600 3128 minus
624 3093 654 3129 se
680 3095 792 3148 quoque
816 3076 892 3129 bello
917 3077 1071 3129 necessario
1096 3075 1263 3140 instruebat,

168 3148 329 3216 militesque
354 3163 370 3198 e
391 3143 538 3214 praesidiis
558 3145 725 3199 advocabat:
749 3153 778 3198 et
798 3164 853 3218 qus
871 3147 978 3198 ratione
1004 3147 1035 3199 id
1052 3145 1158 3199 bellum
1175 3145 1265 3197 admi·

168 3220 319 3281 nistraret,
346 3217 446 3269 tacitus
472 3231 564 3268 seeum
590 3216 744 3270 volutabat:
770 3233 889 3287 cumque
916 3217 1074 3286 Nicephoro
1101 3216 1264 3280 Meteebite,
1313 3225 1319 3257 l
1387 3232 1390 3243 ,
1423 3225 1426 3236 '

169 3290 219 3359 qul
247 3285 412 3355 legationem
440 3287 563 3353 obierat,
592 3287 623 3340 in
646 3287 788 3358 grabatulo
814 3287 987 3357 requirerem
1006 3285 1166 3340 disserebat.
1202 3286 1266 3339 Ali-

169 3355 305 3429 quamdiu
329 3365 422 3409 autem
446 3357 520 3412 inter
545 3358 759 3428 colloquendum
790 3359 956 3422 dormitans,
984 3374 1079 3412 somne
1104 3359 1263 3428 consopitus

169 3436 228 3480 est:
255 3444 311 3496 qno
335 3429 410 3479 visus
439 3437 482 3481 est
505 3426 600 3480 ridere
626 3429 695 3480 duos
713 3426 901 3481 adolescentes
920 3428 1263 3498 pulcherrimos‚tenentes

167 3507 272 3551 vestem
297 3499 465 3566 stragulam,
493 3498 585 3551 eolore
607 3497 813 3563 Phoeniceum,
843 3515 926 3570 super
957 3515 1012 3569 que
1042 3515 1170 3568 expresse
1197 3515 1263 3550 urorr

169 3584 272 3632 aures,
299 3567 335 3618 sd
362 3575 481 3650 quatuor
506 3571 566 3621 eius
593 3567 707 3636 sngrrlos
727 3571 901 3689 pertingens.
939 3569 1048 3622 Circum
1072 3585 1178 3622 crucem
1197 3571 1264 3622 serl-

167 3649 247 3711 ptum
275 3646 335 3690 erat
359 3637 459 3691 litteris
478 3639 583 3692 aureis:
611 3640 685 3692 lesus
705 3637 725 3688 C
747 3638 829 3692 ristus
848 3641 945 3692 vineit.
981 3641 1047 3692 Eam
1070 3648 1174 3692 vestem
1195 3641 1264 3693 slie-

168 3719 261 3763 rentes
282 3709 323 3761 illi
341 3707 529 3762 adolescentes
555 3711 592 3761 λιιι
614 3717 748 3762 eratorem
773 3709 956 3762 dormientem
976 3711 1180 3781 cooperiebant
1207 3713 1264 3764 lloe

165 3784 256 3834 virum
275 3788 451 3849 experrectus
471 3725 645 3832 adelrardus
664 3779 757 3842 refert,
771 3783 820 3852 qui
835 3781 879 3852 (ut
896 3783 978 3833 etiam
1000 3783 1071 3854 ipse)
1090 3783 1157 3834 beni
1178 3785 1264 3858 quip-

165 3852 242 3921 piam
265 3850 430 3921 portendere
452 3851 506 3902 boe
531 3853 667 3902 somnium
686 3852 883 3902 coniectarent
928 3851 1080 3904 Ferebatur
1098 3857 1264 3922 porro,Ba·

166 3928 258 3974 tslzen
274 3939 306 3972 ea
324 3924 385 3990 ipss
405 3920 473 3972 bore
493 3938 509 3972 a
530 3922 619 3973 Persis
638 3921 830 3984 intersectum,
856 3928 888 3972 ut
904 3921 1043 3991 indaganti
1081 3932 1157 3976 osten
1175 3925 1263 3992 impe·
1326 3937 1330 3948 '

167 3993 253 4042 ratori
272 3990 454 4058 significatum
473 3998 523 4044 est.
549 3992 658 4046 Etenim
676 3991 734 4052 ille,
744 3991 831 4043 Persis
850 3993 906 4046 ium
922 3941 1124 4060 praeseutiiuu
1139 4009 1168 4045 se
1183 3992 1259 4046 bello

168 4061 386 4114 canucuzenum
414 4062 543 4132 persequi
567 4079 624 4129 nou
655 4060 808 4113 iudicarat:
833 4060 887 4115 hoe
909 4063 996 4116 solum
1016 4064 1142 4126 dixerat,
1156 4079 1204 4114 eos
1222 4063 1258 4115 ud

167 4131 358 4200 populandum
384 4133 456 4187 velle
482 4132 598 4194 ducere,
623 4141 739 4201 putans,
770 4131 793 4182 si
826 4131 862 4182 ad
885 4133 966 4186 urbes
995 4134 1168 4203 imperatoris
1193 4134 1256 4185 illos

168 4201 334 4254 admovisset
367 4201 548 4274 hominesque
586 4213 615 4254 et
637 4219 734 4272 pecora
767 4218 857 4270 sparsa
892 4211 1073 4270 ostentasset,
1104 4203 1257 4272 eupiditate

168 4270 330 4348 praedirum
355 4273 440 4328 etiam
461 4273 591 4330 barbaros
609 4274 639 4329 in
665 4276 856 4344 imperatorem
877 4285 1057 4346 pugnatores.
1093 4276 1156 4345 Qus
1175 4275 1205 4328 in
1226 4292 1256 4328 re
1294 4317 1299 4328 .
