3125 4900
290 225 398 349 ‘aad
628 193 633 199 .
709 244 988 313 ctlt'iitctizssitl
1017 278 1023 297 ·

163 420 228 490 M}-
241 400 393 495 ιδλοήσαν
413 397 529 487 ἄπειρα
549 403 594 493 τῷ
612 404 736 484 πλήθει.
777 402 798 485 ή
820 400 945 484 βασιλὶς
967 400 1120 473 δὲπολλό
1141 364 1293 477 πολλιιίαςΙ
1314 405 1391 486 περὶ

194 499 199 510 ’
308 504 433 591 εἰρήνης
465 502 544 588 πρός
573 498 772 586 πατριάρχην
802 498 856 565 καί
875 498 948 575 τούς
969 496 1084 576 ἄλλους
1104 502 1167 563 τῶν
1193 500 1387 583 πραγμάτων

310 600 464 688 ἔρχοντας
483 606 706 685 διαλεχθεῖσα,
735 598 827 665 οἰδὲν
847 598 964 669 ιίνῦσαι
983 603 1048 663 roto
1069 594 1201 664 δεόντων
1221 593 1364 685 ήδυνήθη
1375 648 1386 679 ,

281 705 434 777 σίκείνοαν
467 696 529 787 ήδη
558 698 637 765 nosci
658 694 769 784 κρότος
802 702 908 764 πᾶσαν
928 692 1105 783 ἐσχηκότων
1124 696 1182 782 τήν
1203 695 1306 781 οἰρχήν
1332 694 1390 762 καί

240 873 244 879 ,
306 804 375 867 οὐδ’
394 796 503 888 ἄκροις
536 792 598 864 eici
619 797 677 882 τήν
696 793 820 881 εἰρήνην
841 799 1117 883 παραδεχομένων.
1156 801 1212 862 τοῦ
1230 800 1330 861 δοκεῖν
1350 786 1411 865 δὲ5

306 897 414 967 δίιιαιό
437 924 472 965 τε
501 898 583 981 όμοϋ
602 897 657 962 καί
674 898 817 978 βασιλίδι
845 894 900 959 καί
916 901 1026 982 σφίσιν
1048 898 1156 972 αἰτοῖς
1185 898 1389 982 συμφέροντα

306 999 490 1083 αἱρεῖσθαι,
522 995 737 1069 κατασκόπους
767 995 866 1077 δῆθεν
886 998 1118 1078 προπέμποντες
1149 992 1229 1083 πρός
1257 999 1389 1061 Καντα-

306 1095 454 1183 ιιουζηνόν
472 1097 527 1161 τόν
547 1096 697 1179 βασιλέα,
718 1090 829 1159 ἔπειτα
849 1090 1077 1175 ὑποδεχόμενοι
1099 1092 1299 1175 ἐπανιόντας,
1322 1094 1388 1159 εἰσ-

305 1202 380 1282 ῆγον
400 1195 480 1283 πρός
498 1196 673 1277 βασιλίδα,
712 1186 794 1257 ἄλλα
825 1216 859 1258 τε
878 1185 978 1258 πολλὰ
999 1193 1117 1259 ἐκείνου
1146 1195 1388 1274 καταψευδομέ-

305 1319 380 1372 νους
398 1296 453 1359 καί
474 1291 518 1369 ὥς
541 1285 725 1377 οἷναφανδόν
752 1288 828 1376 πρὸς
857 1292 932 1367 rode
952 1288 1103 1367 συνόντας
1136 1294 1429 1377 μεχαληγοροίη,ω

305 1394 369 1476 σός,
391 1395 421 1457 εἰ
441 1396 632 1478 περιγένοιτο
652 1395 687 1456 ἰν
708 1394 753 1480 argi
770 1394 913 1477 πολέμῳ,
931 1392 1087 1472 βασιλιδα
1101 1392 1159 1471 μὲν
1181 1390 1234 1453 καί
1252 1394 1387 1471 βασιλέα
1443 1444 1447 1453 ,

204 1505 297 1576 V.379
306 1490 361 1559 τόν
381 1490 453 1557 υἱόν
474 1494 640 1560 deomant*
652 1490 773 1574 μόνον,
808 1488 965 1571 ἀτιμάσας
994 1491 1107 1573 μηδέν·
1140 1489 1321 1577 πατριάρχη
1351 1490 1388 1553 δὲ

306 1589 445 1667 καὶτοῖς
464 1582 588 1672 όλλοις,
610 1590 643 1657 ot
661 1590 715 1657 τόν
736 1588 877 1677 παρόντα
899 1585 1031 1670 πόλεμον
1052 1580 1179 1673 ἤγειραν
1198 1590 1302 1676 asieri,
1329 1612 1389 1669 με·

271 1690 345 1764 nui
367 1688 485 1767 πολλός
505 1692 608 1767 αἰκίας
627 1688 819 1775 ἐφόβριστον
839 1688 894 1755 καί
912 1686 1094 1771 βιαιότατον
1114 1688 1250 1752 θάνατον
1268 1686 1388 1767 ἑπάξει.

306 1793 340 1857 οἳ
355 1787 412 1856 καί
428 1796 492 1864 τοῖς
513 1791 687 1871 λεγομένοις
707 1792 742 1855 ἰν
765 1784 967 1871 συνθήματος
986 1784 1086 1862 οὐδός
1106 1783 1431 1871 παρόντες,,μεγι’-15

306 1914 382 1973 στην
414 1885 577 1973 πρόφασιν
608 1888 772 1951 ἐποιοῦντο
799 1887 857 1950 τοῦ
884 1882 930 1967 μή
954 1881 1113 1949 δύνασθαι
1136 1885 1217 1971 πρός
1246 1888 1390 1973 ιιίνδυνον

306 1990 453 2053 τοσοῦτον
472 1986 559 2072 σφοῖς
586 1979 703 2060 αἰτοός
730 1981 863 2067 δπόγειν
891 1978 994 2047 inunt
1011 1986 1056 2069 τῷ
1075 1986 1141 2048 κατ’
1161 1985 1286 2049 ἐκείνων
1306 1980 1390 2049 οὕτω

304 2087 483 2174 μαινομένην
504 2081 559 2149 διό
579 2085 637 2169 τής
656 2080 807 2166 δοκούσης
840 2079 964 2167 εἰρήνης
999 2084 1240 2166 ἐγχειρίζοντες,
1277 2084 1390 2149 oderice

305 2210 340 2250 τε
360 2187 551 2269 ἐψηφίζοντο
569 2181 604 2247 τό
628 2183 694 2246 δείν
709 2182 815 2267 ἐκείνῳ
835 2175 918 2267 πόση
938 2184 1062 2269 σπουδῇ
1082 2185 1137 2245 καί
1157 2183 1320 2273 προθυμίᾳ
1333 2206 1391 2245 πο-

307 2290 433 2365 λεμεῖν,
454 2280 509 2345 καί
526 2280 560 2347 εἰ
575 2283 622 2358 τίς
643 2304 674 2347 τι
690 2280 765 2365 περὶ
789 2282 844 2363 τής
864 2276 940 2363 πρός
961 2282 1076 2344 ἐκεῖνον
1096 2282 1219 2365 εἰρήνης
1239 2284 1431 2366 φθέγξαι-το

307 2405 363 2464 το,
401 2384 550 2466 πολέμιον
578 2380 726 2466 ἡγεῖσθαι
757 2380 813 2443 καί
842 2376 951 2445 αἰτόν.
991 2376 1062 2443 ἰπεί
1087 2380 1122 2443 δὲ
1151 2378 1299 2462 βασιλεύς
1317 2378 1390 2445 τεδ

308 2479 573 2567 Κανταιιοοζηνός
592 2481 811 2566 ἐξεστράτευσε
831 2479 909 2566 πρός
929 2477 987 2563 τήν
1007 2474 1143 2564 ἑσπέραν
1162 2483 1218 2544 καί
1233 2475 1391 2546 Ἀπόκαυ-

308 2605 362 2660 κος
388 2580 406 2647 ό
438 2585 538 2668 μέρος
565 2577 641 2657 toi}
669 2577 728 2665 τήν
747 2583 852 2646 πᾶσαν
872 2572 927 2664 ήμε
953 2579 1118 2662 Ῥωμαίων
1139 2576 1326 2665 ἡγεμονίαν,
1352 2579 1390 2645 τό

378 2780 405 2850 4.
424 2778 585 2837 raineri.

309 2998 341 3035 se
356 2995 437 3052 saepe
456 2997 517 3035 eum
536 2979 691 3050 patriarcba
708 2973 878 3054 reliquisque
896 2981 1005 3051 imperii
1021 2984 1248 3056 gubernatoribus
1267 2985 1302 3040 de
1325 3002 1391 3057 pace

308 3069 400 3124 agens,
415 3053 482 3120 ipsis
499 3054 552 3104 ism
568 3069 658 3104 rerum
672 3051 843 3122 potientibus
860 3058 889 3106 et
903 3069 919 3102 α
936 3058 1077 3110 mentione
1093 3061 1168 3126 pacis
1185 3057 1394 3127 refugientibus,

307 3124 380 3177 nibil
400 3140 519 3194 aequum
535 3122 706 3192 impetrabat„
746 3125 859 3186 :tamon
884 3131 915 3176 ut
939 3141 954 3176 a
979 3127 1086 3192 iustitia
1111 3145 1168 3182 non
1195 3127 1342 3190 recedere,
1365 3135 1395 3181 et

308 3194 475 3264 imperatrici
492 3211 523 3246 ac
539 3195 652 3245 sibimet
669 3194 822 3245 consultum
848 3193 919 3248 veile
939 3197 1180 3262 existimarentur,
1207 3199 1395 3268 exploratores

309 3264 346 3316 sd
368 3263 583 3317 Cantaeuzenurn
601 3265 716 3316 mittunt
737 3279 839 3334 eosque
859 3281 979 3318 reversos
1005 3269 1163 3338 excipiunt,
1185 3268 1226 3338 ad
1244 3271 1393 3338 Augustam

308 3333 503 3394 introducunt,
528 3353 588 3386 eum
604 3336 659 3386 alis
677 3335 763 3386 motta
783 3337 812 3385 in
830 3352 893 3386 eum
910 3337 1090 3400 mentientes,
1117 3348 1174 3392 tum
1202 3339 1277 3410 quod
1302 3339 1393 3407 palam

308 3407 383 3458 inter
399 3420 463 3456 auos
478 3419 509 3456 ac
526 3407 665 3474 magnifiee
682 3408 812 3469 iurasret,
841 3407 865 3455 si
887 3407 1010 3470 vicisset,
1028 3410 1103 3460 iliam
1121 3426 1180 3460 curn
1198 3410 1254 3462 filio
1272 3410 1394 3478 impera-

308 3483 371 3528 tore
395 3482 471 3526 extra
497 3489 578 3527 omne
606 3476 689 3529 decas
717 3475 794 3528 eliud
816 3477 966 3530 oeairusurn
984 3477 1190 3546 tantummodot
1210 3477 1395 3547 patriarcham

309 3561 371 3596 cum
392 3542 580 3607 consortibus,
614 3545 663 3615 qui
687 3545 740 3598 boc
765 3547 868 3599 bellum
893 3556 986 3600 eontra
1014 3565 1043 3601 se
1065 3551 1245 3610 conflassent,
1272 3549 1394 3602 fustibus

307 3616 385 3685 prius
404 3614 585 3683 ignominiose
603 3625 765 3685 coopertos,
797 3619 994 3671 contumeliose
1012 3626 1040 3670 et
1056 3619 1225 3672 atrocissima
1243 3628 1331 3672 morte
1350 3619 1394 3670 in-

307 3692 512 3752 teremptarum.
548 3685 604 3754 Qui
627 3687 777 3739 narrationi
801 3687 866 3739 buia
883 3704 917 3740 ea
941 3691 1091 3758 composito
1109 3692 1201 3742 statim
1221 3697 1395 3758 praesentes,

307 3754 375 3806 inde
392 3755 514 3808 velamen
531 3757 677 3808 maximum
699 3757 887 3826 arripiebant,
913 3775 960 3810 cur
984 3775 1040 3812 non
1061 3769 1172 3828 posrent
1191 3760 1222 3810 in
1250 3767 1327 3812 tanto
1348 3758 1394 3812 di·

307 3824 436 3878 serinriue
454 3833 551 3894 sponte
584 3829 615 3879 in
643 3828 714 3897 ipsos
735 3829 805 3880 adeo
825 3829 972 3881 insanienti
991 3843 1019 3880 se
1038 3830 1155 3884 rubriore
1176 3837 1205 3882 et
1230 3846 1278 3897 per
1298 3844 1394 3898 pacem

306 3893 425 3948 tradere.
445 3895 543 3949 Statim
564 3898 640 3950 omui
659 3905 756 3950 conatu
776 3913 808 3950 ac
827 3897 952 3950 iubentia
969 3899 1011 3952 iiii
1032 3904 1113 3952 armis
1130 3899 1342 3961 occurrendum,
1366 3905 1397 3951 et

306 3967 332 4019 si
350 3969 412 4037 quis
430 3965 465 4018 de
481 3984 546 4035 paee
565 3967 676 4020 rerbunr
698 3969 806 4030 ederet,
827 3969 954 4022 similiter
979 3972 1008 4021 in
1037 3971 1124 4024 bostis
1146 3971 1206 4025 ineo
1233 3967 1395 4021 babendum
1500 3969 1504 3982 '

307 4035 462 4089 edixerunt
497 4035 551 4088 Sed
570 4036 758 4090 Cantacuseno
778 4055 839 4090 eum
862 4039 983 4091 exercitu
1007 4040 1037 4091 in
1059 4041 1227 4106 occidentem
1250 4040 1396 4106 proiecto,

307 4106 496 4174 Apoeaucbus,
521 4122 632 4173 magnus
657 4106 730 4168 dux,
755 4108 840 4160 totius
858 4109 968 4177 imperii
992 4117 1097 4171 rector,
1125 4127 1157 4163 ex
1184 4109 1337 4162 continenti
1364 4125 1394 4162 se

306 4189 388 4246 posse
406 4177 532 4231 resistere
551 4175 730 4246 desperabat:
757 4178 884 4251 quodni
902 4178 952 4233 tali
976 4178 1130 4236 sdversario
1154 4196 1184 4233 se
1207 4179 1320 4236 minime
1343 4195 1396 4250 pa-
