3125 4900
323 249 410 355 488
726 276 1011 345 muniemus

178 442 242 499 ac.
254 442 321 513 ¹344
330 435 554 519 ἐπηγγέλλοντο
573 429 660 516 σφός
682 426 803 507 αύτούς
822 432 879 497 καί
896 430 955 516 τὴν
973 425 1067 494 πόλιν
1087 429 1317 516 παραδιδόναι,
1348 419 1433 496 orire

322 533 402 617 πρός
423 530 482 616 τὴν
502 534 658 597 εἰωθυῖαν
678 522 907 616 irrugantur
936 526 1110 616 ότρόποντο
1130 528 1187 593 rei
1205 527 1264 604 τός
1284 524 1400 614 ύβρεις
1414 578 1430 609 ,

298 630 402 702 Βόλλ’
414 630 570 719 εόφὴμως
589 630 646 697 καί
661 630 840 717 σωφρόνως
856 630 1028 695 ἀπείπαντο
1047 626 1108 715 τδρ
1129 630 1310 714 πρεσβείαν.
1329 630 1431 709 νομί-

323 755 385 811 σας
406 733 442 795 dr
471 729 489 797 ό
508 726 661 814 βασιλεύς
683 728 788 815 οἷρχῆν
807 727 1061 813 προσχωρήσεως
1079 721 1163 793 εἶναι
1182 724 1241 811 τὴν
1259 728 1427 809 εόγνωμο-

324 830 442 917 σύνην,
465 826 634 916 (συνεοόρα
659 826 720 916 γὰρ
745 824 972 903 ύπενδιδόντας
993 827 1073 912 πρὸς
1092 823 1150 902 τός
1170 832 1317 908 συνεχεῖς
1336 823 1446 911 ispo-5

325 936 403 1009 δους
433 932 489 995 καί
507 926 566 1014 τὴν
587 925 759 1019 enixurum)
781 924 861 1011 ἔγνον
881 928 948 992 δεῖν
970 926 1027 1010 τὴν
1045 923 1197 1012 στρατιὰν
1209 921 1341 1008 όπύγειν
1359 920 1427 1007 τὴν

326 1034 496 1116 ταχίστην,
515 1028 568 1094 ἵνα
588 1026 667 1112 μήτε
687 1025 708 1111 ἢ
729 1022 824 1111 χοόρα
845 1027 1065 1113 διαφθείροιτο
1085 1027 1246 1107 μέλλουσα
1272 1024 1430 1105 γίνεσθαι

325 1134 397 1213 μετ’
411 1122 512 1211 όλίγον
531 1123 588 1191 aisr’
601 1124 718 1208 αότόν,
747 1125 844 1190 αότοί
858 1148 893 1190 τε
915 1120 1062 1207 τυχόντες
1098 1123 1212 1199 όδείας
1243 1121 1284 1187 τό
1305 1123 1427 1185 δέοντα

324 1225 550 1312 βουλεύσαιντο
574 1222 649 1310 περί
668 1226 777 1311 σφοόν,
803 1221 859 1288 καί
876 1222 1068 1309 α’νόστρεφεν
1087 1223 1131 1298 εἰς
1143 1214 1286 1307 uuum.

228 1343 318 1403 ηας,
408 1320 466 1397 oe'.
507 1316 607 1390 Ἔνδα
634 1324 828 1410 διατριβοντι
853 1323 972 1415 Ἀριζός
1004 1346 1054 1397 τις
1080 1312 1181 1403 ὄνομα
1216 1316 1471 1403 προσελδιόν,ιο

295 1424 483 1509 Βόμήνυεν,
504 1420 548 1499 ὥς
560 1416 627 1505 ἅμα
646 1424 712 1488 τινί
730 1416 825 1509 ἑτόριρ
836 1419 1305 1508 Σααρόνφπροσαγορευομόνρ
1325 1418 1427 1506 όλιγτρ

325 1522 476 1608 πρότερον
513 1524 548 1589 ἐκ
582 1524 763 1601 Βυζαντίου
790 1522 999 1606 προσέλθοιεν
1033 1515 1184 1605 φυγάδες.
1233 1516 1334 1583 αὐτόν
1361 1518 1426 1600 μὲν

327 1614 386 1687 σύν
406 1621 531 1697 edetur
562 1624 750 1707 προσελθεῖν
774 1618 830 1685 assi
856 1618 1081 1705 α’πανούργοις,
1107 1617 1267 1702 Σιιαρόνον
1300 1618 1337 1681 δὲ
1359 1615 1427 1699 orig

326 1720 474 1805 δμοίως,
510 1714 591 1785 istd
613 1726 745 1797 πολλοῖς
764 1719 956 1802 ύποσχέσεσι
985 1719 1041 1784 καί
1059 1720 1195 1802 δωρεαῖς
1214 1714 1302 1802 παρὰ
1321 1714 1427 1798 μεγαί-

326 1828 385 1889 λου
404 1817 514 1897 δουκὸς
535 1822 724 1902 πεισθέντα,
745 1819 777 1883 εἰ
795 1817 895 1884 αύτὸν
913 1820 1031 1884 α’νόλοι.
1071 1817 1246 1898 sonabam
1276 1816 1314 1881 δὲ
1331 1818 1467 1887 Σοου-εδ

327 1920 424 2007 ρόνον
444 1915 665 2003 §vilipendas
686 1919 772 2007 αύτῷ
793 1916 849 1983 διό
868 1920 926 1983 τού
945 1922 1055 2001 γένους
1074 1914 1133 2001 τήν
1154 1912 1234 1999 πρός
1253 1913 1312 1989 τός
1331 1938 1425 2001 σφα-

326 2018 387 2104 yde
406 2022 463 2083 καί
479 2015 556 2094 τούς
574 2018 690 2103 φόνους
708 2013 921 2102 ἑτοιμότητα,
946 2019 997 2104 (ἐκ
1005 2016 1144 2100 Περσῶν
1162 2012 1225 2100 γόρ
1242 2013 1364 2095 ’Λμζός
1382 2008 1424 2077 τό

327 2120 415 2203 γένος
435 2110 509 2203 rim)
546 2114 724 2198 ἐκκαλύψαι
753 2114 790 2181 τό
820 2114 1007 2203 α’πόβρητον.
1057 2113 1113 2181 τόν
1148 2116 1185 2178 δὲ
1224 2108 1426 2198 ἡγησόμενον

329 2214 436 2280 δεινόν
461 2212 519 2299 τὴν
547 2214 629 2280 κατὰ
658 2218 815 2299 βασιλέως
844 2213 1055 2302 συγκρύπτειν
1085 2211 1273 2299 ἐπιβουλὴν,
1298 2212 1355 2277 τόν
1384 2236 1424 2279 τε

330 2306 502 2399 ἄνθρωπον
523 2312 655 2398 μηνύειν
674 2318 730 2379 καί
741 2312 805 2401 ιτὴν
823 2314 959 2401 γνοόμην.
990 2315 1153 2400 Σιαρόνος
1172 2316 1232 2394 μὲν
1251 2305 1309 2378 ούν
1331 2313 1466 2379 udal-ao

329 2438 370 2479 ssu
399 2411 676 2499 συνελαμβάνετο,
707 2410 914 2492 κελεύσαντος
943 2416 1117 2499 βασιλέως·
1156 2407 1307 2494 ύγόμενον
1327 2412 1364 2478 δὲ
1390 2409 1425 2479 οἱ

329 2513 405 2602 περί
424 2517 562 2600 βασιλέα
584 2509 728 2603 cippum
749 2513 895 2600 όνελεῖν,
914 2512 1066 2599 βασιλεύς
1085 2517 1121 2582 δὲ
1141 2513 1324 2600 ἤπειλησεν,
1344 2513 1423 2578 rius-

398 2682 425 2736 9.
440 2660 554 2740 ΙἈττρον
572 2663 610 2722 Μ.

330 2794 513 2850 vastationem
545 2809 574 2846 se
606 2791 746 2848 dederent
795 2795 941 2863 ltiayenses
974 2813 1066 2869 neque
1090 2812 1121 2851 se
1145 2797 1242 2851 urbana
1276 2795 1421 2850 dediturus

330 2863 467 2934 spondere
480 2901 489 2926 ,
502 2879 595 2936 neque
612 2861 647 2915 ad
668 2867 810 2918 solennem
836 2867 1037 2935 impudentiam
1060 2875 1089 2920 et
1115 2865 1294 2921 contumelias
1319 2866 1421 2918 coniu-

331 2951 412 3004 gem,
437 2933 486 2985 sed
512 2934 679 3004 legationem
703 2934 820 2990 honeste
849 2939 1028 3008 modesteque
1063 2940 1186 2991 relicere.
1230 2940 1312 2991 llatus
1329 2944 1423 2990 autem

333 3011 495 3074 imperatur,
519 3006 687 3075 agnitionem
706 3006 835 3060 beneficii
851 3009 1017 3077 principium
1042 3009 1190 3062 deditionis
1211 3007 1287 3070 iore,
1314 3005 1422 3077 (obser-

331 3077 415 3128 vabat
433 3075 507 3126 enim
522 3083 635 3145 propter
652 3077 840 3130 assiduitatem
874 3077 1062 3131 incursionum
1092 3081 1325 3148 venationumque
1349 3093 1422 3145 pan-

330 3148 409 3200 latim
431 3159 477 3198 eos
498 3145 533 3199 de
551 3148 702 3214 pertinacia
720 3151 860 3201 remittere
876 3164 909 3199 ae
925 3151 1044 3220 eedere,)
1064 3151 1214 3202 exercitum
1231 3163 1314 3220 qnam
1332 3147 1422 3199 eeler-

249 3253 253 3262 .
334 3219 404 3269 rime
431 3216 626 3268 removendum
652 3219 774 3282 censuit,
800 3227 833 3271 ut
856 3235 947 3290 neque
965 3220 1040 3288 regio
1068 3227 1221 3272 vastaretur
1242 3219 1338 3339 paulo
1359 3225 1424 3287 post

334 3290 364 3339 in
384 3302 459 3337 suam
476 3285 610 3338 ditionem
637 3295 767 3352 ventura,
786 3295 816 3341 et
840 3289 896 3357 ipsi
912 3293 1086 3343 securitatem
1106 3290 1200 3360 adepti
1228 3307 1241 3341 s
1271 3287 1349 3341 ubria
1366 3287 1422 3340 sibi

334 3356 551 3420 meditarentur,
571 3365 599 3408 et
617 3357 702 3426 Apros
721 3358 840 3410 revertit.

405 3445 448 3496 79.
483 3428 563 3496 Apris
586 3427 729 3496 degentem
755 3429 850 3480 Amans
878 3427 989 3500 quidam
1016 3428 1127 3492 adicus,
1155 3447 1186 3482 se
1214 3445 1277 3482 cnm
1301 3426 1424 3500 quodam

335 3497 455 3552 Serrano
477 3498 616 3564 appellato
642 3499 726 3565 paulo
752 3507 816 3550 ante
841 3501 971 3565 Byzantio
995 3499 1148 3570 profugisse
1174 3501 1293 3558 nuntiat.
1335 3503 1375 3552 Ac
1391 3514 1422 3551 se

337 3567 452 3635 quidem
479 3567 546 3620 citra
572 3567 667 3620 dolum
686 3576 713 3618 et
729 3569 907 3622 calliditatem
928 3569 1071 3634 advenire,
1099 3571 1246 3623 Scarannrn
1264 3585 1321 3622 non
1338 3571 1420 3631 item,

336 3637 386 3690 sed
411 3636 505 3688 multis
534 3636 784 3706 pollicitationibus
806 3655 838 3689 ac
861 3639 1021 3692 muneribus
1038 3659 1055 3692 a
1075 3657 1173 3710 magno
1197 3641 1265 3691 duce
1286 3639 1421 3702 illectum,

337 3707 362 3757 si
387 3708 477 3774 ipsum
513 3709 706 3776 imperatorem
735 3709 888 3762 occidisset.
946 3710 1071 3764 Eundem
1096 3712 1243 3764 Scamnum
1269 3717 1423 3780 sperantem

337 3777 428 3844 ipsum
444 3775 499 3827 sibi
516 3776 552 3829 ad
569 3778 679 3830 caedem
698 3780 837 3850 intrepide
855 3779 1010 3834 obeundam
1030 3789 1144 3851 propter
1170 3779 1277 3852 generis
1300 3797 1421 3833 commn-

337 3845 449 3898 nionem
477 3845 548 3914 (erat
574 3848 648 3901 euim
673 3851 767 3902 Amara
786 3867 897 3922 quoque
915 3852 1006 3920 Persa)
1022 3851 1176 3904 adiutorem
1194 3851 1271 3913 iore,
1295 3867 1422 3903 arcanum

338 3915 487 3983 aperuisse.
530 3917 579 3980 Se,
604 3919 679 3988 quud
698 3919 812 3972 iusidias
830 3929 926 3975 contra
944 3922 1136 3992 imperatorem
1153 3923 1303 3974 intentatas
1320 3921 1423 3972 babere

339 3987 435 4038 tacitas
462 3987 644 4054 periculosum
668 3989 818 4054 iudicaret,
842 3990 982 4043 bominem
1006 4003 1036 4044 et
1051 3993 1282 4046 machinationem
1301 3992 1360 4042 eius
1378 3991 1422 4042 in·

339 4055 432 4110 dicare
450 4059 579 4112 suluisse.¹
611 4057 743 4112 Serranus
760 4062 934 4129 imperatoris
954 4064 1029 4114 iussu
1048 4064 1186 4132 extemplo
1213 4059 1421 4131 comprehendi·

339 4133 400 4180 aar:
420 4128 467 4200 qui
492 4143 551 4178 curn
574 4126 729 4193 duceretur,
754 4133 803 4200 qui
820 4131 974 4196 adstabant,
991 4130 1026 4183 ad
1044 4149 1108 4185 eum
1125 4130 1319 4185 trucidandum
1333 4132 1423 4200 prasi·

338 4195 422 4254 liant
457 4197 530 4256 Tana
547 4199 695 4270 inperator
712 4202 915 4264 interfectorem
934 4202 1020 4260 hostis
1037 4203 1082 4258 sui
1104 4203 1166 4259 loeo
1189 4201 1349 4258 tntum
1371 4201 1421 4256 mi-
