<?xml version="1.0" encoding="UTF-8"?>
<!DOCTYPE html PUBLIC "-//W3C//DTD XHTML 1.0 Transitional//EN"
    "http://www.w3.org/TR/xhtml1/DTD/xhtml1-transitional.dtd">
<html xmlns="http://www.w3.org/1999/xhtml" xml:lang="en" lang="en">
 <head>
  <title>
</title>
<meta http-equiv="Content-Type" content="text/html;charset=utf-8" />
  <meta name='ocr-system' content='tesseract 3.04.00' />
  <meta name='ocr-capabilities' content='ocr_page ocr_carea ocr_par ocr_line ocrx_word'/>
</head>
<body>
  <div class='ocr_page' id='page_1' title='image "./corpusscriptoru67theogoog/corpusscriptoru67theogoog_0226.png"; bbox 0 0 3125 4900; ppageno 0'>
   <div class='ocr_carea' id='block_1_1' title="bbox 348 285 1020 369">
    <p class='ocr_par' dir='ltr' id='par_1_1' title="bbox 348 285 1020 369">
     <span class='ocr_line' id='line_1_1' title="bbox 348 285 1020 369; baseline 0.001 -5"><span class='ocrx_word' id='word_1_1' title='bbox 348 307 432 364; x_wconf 75' lang='grc' dir='ltr'>ατο</span> <span class='ocrx_word' id='word_1_2' title='bbox 639 285 644 291; x_wconf 78' lang='grc'><strong><em>’</em></strong></span> <span class='ocrx_word' id='word_1_3' title='bbox 739 300 1020 369; x_wconf 63' lang='lat' dir='ltr'>montemnis</span> 
     </span>
    </p>
   </div>
   <div class='ocr_carea' id='block_1_2' title="bbox 200 447 1470 2715">
    <p class='ocr_par' dir='ltr' id='par_1_2' title="bbox 200 447 1470 2715">
     <span class='ocr_line' id='line_1_2' title="bbox 200 447 1432 541; baseline -0.002 -20"><span class='ocrx_word' id='word_1_4' title='bbox 200 458 456 533; x_wconf 61' lang='grc' dir='ltr'><strong><em>λαιλλοέκιινοι</em></strong></span> <span class='ocrx_word' id='word_1_5' title='bbox 471 456 507 521; x_wconf 77' lang='grc' dir='ltr'>δὲ</span> <span class='ocrx_word' id='word_1_6' title='bbox 529 451 680 541; x_wconf 71' lang='grc' dir='ltr'><strong><em>ὁρῶντες,</em></strong></span> <span class='ocrx_word' id='word_1_7' title='bbox 712 447 757 529; x_wconf 71' lang='lat' dir='ltr'>sic</span> <span class='ocrx_word' id='word_1_8' title='bbox 778 458 898 534; x_wconf 77' lang='grc' dir='ltr'><strong><em>μᾶλλον</em></strong></span> <span class='ocrx_word' id='word_1_9' title='bbox 925 456 1034 529; x_wconf 80' lang='grc' dir='ltr'><strong><em>αιίτοϊς</em></strong></span> <span class='ocrx_word' id='word_1_10' title='bbox 1063 452 1200 539; x_wconf 79' lang='grc' dir='ltr'><strong><em>αῖρετέος</em></strong></span> <span class='ocrx_word' id='word_1_11' title='bbox 1229 455 1314 521; x_wconf 72' lang='grc' dir='ltr'><strong><em>ἐστίν</em></strong></span> <span class='ocrx_word' id='word_1_12' title='bbox 1334 448 1352 515; x_wconf 86' lang='grc' dir='ltr'><strong><em>δ</em></strong></span> <span class='ocrx_word' id='word_1_13' title='bbox 1370 456 1432 518; x_wconf 85' lang='grc' dir='ltr'>πό-</span> 
     </span>
     <span class='ocr_line' id='line_1_3' title="bbox 345 548 1430 639; baseline -0.001 -21"><span class='ocrx_word' id='word_1_14' title='bbox 345 560 458 635; x_wconf 83' lang='grc' dir='ltr'><strong><em>λεμος,</em></strong></span> <span class='ocrx_word' id='word_1_15' title='bbox 493 548 515 636; x_wconf 84' lang='grc' dir='ltr'><em>ἢ</em></span> <span class='ocrx_word' id='word_1_16' title='bbox 538 554 559 637; x_wconf 79' lang='grc' dir='ltr'><em>ἦ</em></span> <span class='ocrx_word' id='word_1_17' title='bbox 587 549 713 637; x_wconf 87' lang='grc' dir='ltr'><strong><em>εἰρήνη,</em></strong></span> <span class='ocrx_word' id='word_1_18' title='bbox 742 548 825 633; x_wconf 80' lang='grc' dir='ltr'><strong><em>μετὰ</em></strong></span> <span class='ocrx_word' id='word_1_19' title='bbox 854 548 888 616; x_wconf 79' lang='lat' dir='ltr'>td</span> <span class='ocrx_word' id='word_1_20' title='bbox 911 550 1011 617; x_wconf 81' lang='grc' dir='ltr'><strong><em>πολλοὶ</em></strong></span> <span class='ocrx_word' id='word_1_21' title='bbox 1032 554 1185 639; x_wconf 76' lang='grc' dir='ltr'><strong><em>δεηθῆναι</em></strong></span> <span class='ocrx_word' id='word_1_22' title='bbox 1205 556 1280 637; x_wconf 83' lang='grc' dir='ltr'><strong><em>περί</em></strong></span> <span class='ocrx_word' id='word_1_23' title='bbox 1312 554 1430 637; x_wconf 82' lang='grc' dir='ltr'><strong><em>αιίτής,</em></strong></span> 
     </span>
     <span class='ocr_line' id='line_1_4' title="bbox 345 646 1432 737; baseline -0.001 -21"><span class='ocrx_word' id='word_1_24' title='bbox 345 655 418 717; x_wconf 74' lang='grc' dir='ltr'><strong><em>ἐπεί</em></strong></span> <span class='ocrx_word' id='word_1_25' title='bbox 446 650 526 737; x_wconf 80' lang='grc' dir='ltr'><strong><em>πρὸς</em></strong></span> <span class='ocrx_word' id='word_1_26' title='bbox 556 648 688 735; x_wconf 77' lang='grc' dir='ltr'><strong><em>σκήψεις</em></strong></span> <span class='ocrx_word' id='word_1_27' title='bbox 717 648 774 716; x_wconf 86' lang='grc' dir='ltr'>καί</span> <span class='ocrx_word' id='word_1_28' title='bbox 803 652 979 737; x_wconf 78' lang='grc' dir='ltr'><strong><em>προφάσεις</em></strong></span> <span class='ocrx_word' id='word_1_29' title='bbox 1005 650 1061 715; x_wconf 84' lang='grc' dir='ltr'>καί</span> <span class='ocrx_word' id='word_1_30' title='bbox 1089 646 1182 717; x_wconf 71' lang='grc' dir='ltr'><strong><em>οὐδὲν</em></strong></span> <span class='ocrx_word' id='word_1_31' title='bbox 1214 652 1300 735; x_wconf 72' lang='grc' dir='ltr'><strong><em>ὑγιὲς</em></strong></span> <span class='ocrx_word' id='word_1_32' title='bbox 1321 648 1432 733; x_wconf 77' lang='grc' dir='ltr'><strong><em>ἑοδρονν</em></strong></span> 
     </span>
     <span class='ocr_line' id='line_1_5' title="bbox 345 742 1430 838; baseline -0.005 -21"><span class='ocrx_word' id='word_1_33' title='bbox 345 748 616 838; x_wconf 69' lang='grc' dir='ltr'><strong><em>καταφεύγοντας,</em></strong></span> <span class='ocrx_word' id='word_1_34' title='bbox 650 747 708 833; x_wconf 86' lang='grc' dir='ltr'>τήν</span> <span class='ocrx_word' id='word_1_35' title='bbox 734 746 888 815; x_wconf 66' lang='grc' dir='ltr'><strong><em>ἐπάνοδον</em></strong></span> <span class='ocrx_word' id='word_1_36' title='bbox 907 742 1049 836; x_wconf 74' lang='grc' dir='ltr'><strong><em>ᾐτοῦντο.</em></strong></span> <span class='ocrx_word' id='word_1_37' title='bbox 1098 758 1165 827; x_wconf 76' lang='grc' dir='ltr'><strong><em>τοῖς</em></strong></span> <span class='ocrx_word' id='word_1_38' title='bbox 1185 752 1219 815; x_wconf 74' lang='grc' dir='ltr'>δὲ</span> <span class='ocrx_word' id='word_1_39' title='bbox 1241 750 1430 815; x_wconf 68' lang='grc' dir='ltr'><strong><em>οὐδὲτοῦτο</em></strong></span> 
     </span>
     <span class='ocr_line' id='line_1_6' title="bbox 343 843 1452 931; baseline 0 -16"><span class='ocrx_word' id='word_1_40' title='bbox 343 856 514 915; x_wconf 74' lang='grc' dir='ltr'><strong><em>λυσιτελεῖν</em></strong></span> <span class='ocrx_word' id='word_1_41' title='bbox 542 848 664 929; x_wconf 82' lang='grc' dir='ltr'><strong><em>δδόκει,</em></strong></span> <span class='ocrx_word' id='word_1_42' title='bbox 698 843 778 913; x_wconf 67' lang='grc' dir='ltr'><strong><em>ὥστε</em></strong></span> <span class='ocrx_word' id='word_1_43' title='bbox 805 845 999 924; x_wconf 72' lang='grc' dir='ltr'><strong><em>ἀπελθόντας</em></strong></span> <span class='ocrx_word' id='word_1_44' title='bbox 1027 844 1102 922; x_wconf 77' lang='grc' dir='ltr'>τούς</span> <span class='ocrx_word' id='word_1_45' title='bbox 1127 846 1290 931; x_wconf 78' lang='grc' dir='ltr'><strong><em>μοναχούς</em></strong></span> <span class='ocrx_word' id='word_1_46' title='bbox 1322 847 1452 922; x_wconf 71' lang='grc' dir='ltr'><strong><em>αδεοίςὸ</em></strong></span> 
     </span>
     <span class='ocr_line' id='line_1_7' title="bbox 341 943 1430 1035; baseline -0.001 -24"><span class='ocrx_word' id='word_1_47' title='bbox 341 951 402 1031; x_wconf 77' lang='grc' dir='ltr'><strong><em>μὲν</em></strong></span> <span class='ocrx_word' id='word_1_48' title='bbox 422 950 609 1011; x_wconf 74' lang='grc' dir='ltr'><strong><em>α’νατιδέναι</em></strong></span> <span class='ocrx_word' id='word_1_49' title='bbox 641 943 699 1031; x_wconf 84' lang='grc' dir='ltr'>τήν</span> <span class='ocrx_word' id='word_1_50' title='bbox 731 946 835 1011; x_wconf 88' lang='grc' dir='ltr'><strong><em>αἰτίαν</em></strong></span> <span class='ocrx_word' id='word_1_51' title='bbox 862 948 918 1010; x_wconf 78' lang='grc' dir='ltr'><strong><em>τοῦ</em></strong></span> <span class='ocrx_word' id='word_1_52' title='bbox 938 948 1093 1027; x_wconf 74' lang='grc' dir='ltr'><strong><em>πολέμου,</em></strong></span> <span class='ocrx_word' id='word_1_53' title='bbox 1121 948 1375 1035; x_wconf 76' lang='grc' dir='ltr'><strong><em>Καντακουζηνρῖ</em></strong></span> <span class='ocrx_word' id='word_1_54' title='bbox 1392 946 1430 1010; x_wconf 73' lang='grc' dir='ltr'>δὲ</span> 
     </span>
     <span class='ocr_line' id='line_1_8' title="bbox 342 1042 1432 1135; baseline -0.002 -23"><span class='ocrx_word' id='word_1_55' title='bbox 342 1051 388 1135; x_wconf 79' lang='grc' dir='ltr'><strong><em>τῷ</em></strong></span> <span class='ocrx_word' id='word_1_56' title='bbox 408 1052 538 1131; x_wconf 73' lang='grc' dir='ltr'><strong><em>βασιλεῖ</em></strong></span> <span class='ocrx_word' id='word_1_57' title='bbox 547 1043 583 1109; x_wconf 80' lang='grc' dir='ltr'><strong><em>τὸ</em></strong></span> <span class='ocrx_word' id='word_1_58' title='bbox 604 1048 725 1127; x_wconf 80' lang='grc' dir='ltr'><strong><em>μᾶλλον</em></strong></span> <span class='ocrx_word' id='word_1_59' title='bbox 745 1044 908 1129; x_wconf 70' lang='grc' dir='ltr'><strong><em>αἱρεῖσθαι</em></strong></span> <span class='ocrx_word' id='word_1_60' title='bbox 926 1044 984 1128; x_wconf 87' lang='grc' dir='ltr'>τήν</span> <span class='ocrx_word' id='word_1_61' title='bbox 1005 1043 1131 1129; x_wconf 77' lang='grc' dir='ltr'>εἰρήνην</span> <span class='ocrx_word' id='word_1_62' title='bbox 1161 1046 1217 1109; x_wconf 86' lang='grc' dir='ltr'>καί</span> <span class='ocrx_word' id='word_1_63' title='bbox 1245 1044 1352 1111; x_wconf 86' lang='grc' dir='ltr'><strong><em>δίκαια</em></strong></span> <span class='ocrx_word' id='word_1_64' title='bbox 1374 1042 1432 1110; x_wconf 82' lang='grc' dir='ltr'><strong><em>καί</em></strong></span> 
     </span>
     <span class='ocr_line' id='line_1_9' title="bbox 342 1140 1428 1231; baseline -0.004 -20"><span class='ocrx_word' id='word_1_65' title='bbox 342 1150 546 1231; x_wconf 76' lang='grc' dir='ltr'><strong><em>συμφέροντα</em></strong></span> <span class='ocrx_word' id='word_1_66' title='bbox 576 1152 640 1217; x_wconf 79' lang='grc' dir='ltr'><strong><em>τοῖς</em></strong></span> <span class='ocrx_word' id='word_1_67' title='bbox 668 1146 766 1208; x_wconf 82' lang='grc' dir='ltr'><strong><em>πᾶσιν</em></strong></span> <span class='ocrx_word' id='word_1_68' title='bbox 787 1144 897 1220; x_wconf 83' lang='grc' dir='ltr'><strong><em>α’ξιοῦν</em></strong></span> <span class='ocrx_word' id='word_1_69' title='bbox 916 1153 1159 1227; x_wconf 72' lang='grc' dir='ltr'><strong><em>συμμαρτυρεῖν.</em></strong></span> <span class='ocrx_word' id='word_1_70' title='bbox 1199 1146 1274 1208; x_wconf 79' lang='grc' dir='ltr'><strong><em>ου’δὲ</em></strong></span> <span class='ocrx_word' id='word_1_71' title='bbox 1288 1140 1348 1227; x_wconf 76' lang='grc' dir='ltr'>γὰρ</span> <span class='ocrx_word' id='word_1_72' title='bbox 1368 1142 1428 1224; x_wconf 74' lang='grc' dir='ltr'>μδ-</span> 
     </span>
     <span class='ocr_line' id='line_1_10' title="bbox 341 1237 1428 1329; baseline -0.006 -19"><span class='ocrx_word' id='word_1_73' title='bbox 341 1243 413 1329; x_wconf 79' lang='grc' dir='ltr'><strong><em>τριά</em></strong></span> <span class='ocrx_word' id='word_1_74' title='bbox 432 1268 502 1308; x_wconf 88' lang='grc' dir='ltr'><strong><em>τινα</em></strong></span> <span class='ocrx_word' id='word_1_75' title='bbox 524 1240 757 1326; x_wconf 77' lang='grc' dir='ltr'><strong><em>προστήσεσθαι</em></strong></span> <span class='ocrx_word' id='word_1_76' title='bbox 779 1242 889 1317; x_wconf 81' lang='grc' dir='ltr'><strong><em>αιίτοῐς</em></strong></span> <span class='ocrx_word' id='word_1_77' title='bbox 911 1238 1052 1322; x_wconf 82' lang='grc' dir='ltr'><strong><em>ἐνόμιζον</em></strong></span> <span class='ocrx_word' id='word_1_78' title='bbox 1071 1240 1150 1325; x_wconf 80' lang='grc' dir='ltr'><strong><em>πρὸς</em></strong></span> <span class='ocrx_word' id='word_1_79' title='bbox 1169 1237 1204 1307; x_wconf 84' lang='grc' dir='ltr'><strong><em>τὸ</em></strong></span> <span class='ocrx_word' id='word_1_80' title='bbox 1218 1240 1292 1315; x_wconf 83' lang='grc' dir='ltr'>τούς</span> <span class='ocrx_word' id='word_1_81' title='bbox 1307 1242 1428 1325; x_wconf 88' lang='grc' dir='ltr'><strong><em>δήμους</em></strong></span> 
     </span>
     <span class='ocr_line' id='line_1_11' title="bbox 255 1332 1468 1426; baseline -0.001 -17"><span class='ocrx_word' id='word_1_82' title='bbox 255 1411 261 1426; x_wconf 64' lang='grc'>,</span> <span class='ocrx_word' id='word_1_83' title='bbox 341 1341 538 1424; x_wconf 77' lang='grc' dir='ltr'><strong><em>ἐκταράττειν</em></strong></span> <span class='ocrx_word' id='word_1_84' title='bbox 559 1332 619 1405; x_wconf 88' lang='grc' dir='ltr'>καί</span> <span class='ocrx_word' id='word_1_85' title='bbox 641 1338 697 1403; x_wconf 86' lang='grc' dir='ltr'>τὸν</span> <span class='ocrx_word' id='word_1_86' title='bbox 727 1335 861 1421; x_wconf 84' lang='grc' dir='ltr'><strong><em>πόλεμον</em></strong></span> <span class='ocrx_word' id='word_1_87' title='bbox 889 1348 993 1406; x_wconf 83' lang='grc' dir='ltr'><strong><em>κινεῖν.</em></strong></span> <span class='ocrx_word' id='word_1_88' title='bbox 1035 1342 1212 1425; x_wconf 76' lang='grc' dir='ltr'><strong><em>ἐξεπίτηδες</em></strong></span> <span class='ocrx_word' id='word_1_89' title='bbox 1239 1336 1300 1426; x_wconf 75' lang='grc' dir='ltr'>γαρ</span> <span class='ocrx_word' id='word_1_90' title='bbox 1331 1340 1468 1408; x_wconf 79' lang='grc' dir='ltr'><strong><em>αδτοίιο</em></strong></span> 
     </span>
     <span class='ocr_line' id='line_1_12' title="bbox 308 1436 1427 1524; baseline -0.003 -16"><span class='ocrx_word' id='word_1_91' title='bbox 308 1440 457 1515; x_wconf 78' lang='grc' dir='ltr'><strong><em>υλάλους</em></strong></span> <span class='ocrx_word' id='word_1_92' title='bbox 475 1439 565 1515; x_wconf 78' lang='grc' dir='ltr'><strong><em>τινὰς</em></strong></span> <span class='ocrx_word' id='word_1_93' title='bbox 582 1438 735 1503; x_wconf 71' lang='grc' dir='ltr'><strong><em>καθίεσαν</em></strong></span> <span class='ocrx_word' id='word_1_94' title='bbox 755 1436 877 1513; x_wconf 74' lang='grc' dir='ltr'><strong><em>εἰςτὰς</em></strong></span> <span class='ocrx_word' id='word_1_95' title='bbox 897 1436 1003 1513; x_wconf 86' lang='grc' dir='ltr'><strong><em>πόλεις</em></strong></span> <span class='ocrx_word' id='word_1_96' title='bbox 1022 1436 1249 1524; x_wconf 75' lang='grc' dir='ltr'><strong><em>κηρύττοντος,</em></strong></span> <span class='ocrx_word' id='word_1_97' title='bbox 1271 1438 1314 1515; x_wconf 70' lang='grc' dir='ltr'><strong><em>αἱς</em></strong></span> <span class='ocrx_word' id='word_1_98' title='bbox 1334 1444 1427 1507; x_wconf 72' lang='lat' dir='ltr'>Kav-</span> 
     </span>
     <span class='ocr_line' id='line_1_13' title="bbox 340 1528 1426 1623; baseline -0.005 -17"><span class='ocrx_word' id='word_1_99' title='bbox 340 1536 529 1623; x_wconf 83' lang='grc' dir='ltr'><strong><em>τακουζηνὸς</em></strong></span> <span class='ocrx_word' id='word_1_100' title='bbox 550 1537 619 1601; x_wconf 75' lang='lat' dir='ltr'>osid’</span> <span class='ocrx_word' id='word_1_101' title='bbox 640 1528 748 1622; x_wconf 76' lang='grc' dir='ltr'><strong><em>ἄκροις</em></strong></span> <span class='ocrx_word' id='word_1_102' title='bbox 768 1531 831 1601; x_wconf 78' lang='grc' dir='ltr'><strong><em>νίσί</em></strong></span> <span class='ocrx_word' id='word_1_103' title='bbox 854 1534 911 1621; x_wconf 86' lang='grc' dir='ltr'>τήν</span> <span class='ocrx_word' id='word_1_104' title='bbox 933 1531 1058 1621; x_wconf 82' lang='grc' dir='ltr'><strong><em>εἰρήνην</em></strong></span> <span class='ocrx_word' id='word_1_105' title='bbox 1076 1540 1305 1621; x_wconf 78' lang='grc' dir='ltr'><strong><em>παραδέχοιτο,</em></strong></span> <span class='ocrx_word' id='word_1_106' title='bbox 1341 1532 1426 1603; x_wconf 72' lang='grc' dir='ltr'>ἀλλὰ</span> 
     </span>
     <span class='ocr_line' id='line_1_14' title="bbox 338 1630 1427 1721; baseline 0 -18"><span class='ocrx_word' id='word_1_107' title='bbox 338 1637 379 1703; x_wconf 84' lang='grc' dir='ltr'><strong><em>τὰ</em></strong></span> <span class='ocrx_word' id='word_1_108' title='bbox 400 1638 561 1705; x_wconf 85' lang='grc' dir='ltr'><strong><em>δεινότατα</em></strong></span> <span class='ocrx_word' id='word_1_109' title='bbox 588 1634 662 1710; x_wconf 78' lang='grc' dir='ltr'>τούς</span> <span class='ocrx_word' id='word_1_110' title='bbox 692 1638 848 1717; x_wconf 75' lang='grc' dir='ltr'><strong><em>βασιλέως</em></strong></span> <span class='ocrx_word' id='word_1_111' title='bbox 879 1638 997 1711; x_wconf 83' lang='grc' dir='ltr'><strong><em>παῖδας</em></strong></span> <span class='ocrx_word' id='word_1_112' title='bbox 1030 1634 1197 1721; x_wconf 71' lang='grc' dir='ltr'><strong><em>διαθήσειν</em></strong></span> <span class='ocrx_word' id='word_1_113' title='bbox 1217 1630 1355 1717; x_wconf 76' lang='grc' dir='ltr'><strong><em>ἀπειλεῖ,</em></strong></span> <span class='ocrx_word' id='word_1_114' title='bbox 1395 1638 1427 1703; x_wconf 86' lang='grc' dir='ltr'>εἰ</span> 
     </span>
     <span class='ocr_line' id='line_1_15' title="bbox 337 1727 1425 1825; baseline 0 -24"><span class='ocrx_word' id='word_1_115' title='bbox 337 1740 529 1820; x_wconf 77' lang='grc' dir='ltr'><strong><em>περιγένοιτο</em></strong></span> <span class='ocrx_word' id='word_1_116' title='bbox 549 1736 583 1801; x_wconf 80' lang='grc' dir='ltr'><strong><em>ἰν</em></strong></span> <span class='ocrx_word' id='word_1_117' title='bbox 614 1739 659 1825; x_wconf 72' lang='grc' dir='ltr'><strong><em>τῷ</em></strong></span> <span class='ocrx_word' id='word_1_118' title='bbox 678 1738 826 1824; x_wconf 79' lang='grc' dir='ltr'><strong><em>πολέμῳ,</em></strong></span> <span class='ocrx_word' id='word_1_119' title='bbox 863 1734 920 1799; x_wconf 86' lang='grc' dir='ltr'>καί</span> <span class='ocrx_word' id='word_1_120' title='bbox 951 1735 1027 1811; x_wconf 82' lang='grc' dir='ltr'>τούς</span> <span class='ocrx_word' id='word_1_121' title='bbox 1052 1727 1187 1817; x_wconf 70' lang='grc' dir='ltr'><strong><em>ἄλλους,</em></strong></span> <span class='ocrx_word' id='word_1_122' title='bbox 1219 1730 1286 1801; x_wconf 82' lang='grc' dir='ltr'><strong><em>ὅσοι</em></strong></span> <span class='ocrx_word' id='word_1_123' title='bbox 1315 1734 1425 1801; x_wconf 86' lang='grc' dir='ltr'><strong><em>δίκαια</em></strong></span> 
     </span>
     <span class='ocr_line' id='line_1_16' title="bbox 337 1830 1470 1923; baseline 0.002 -23"><span class='ocrx_word' id='word_1_124' title='bbox 337 1839 498 1910; x_wconf 73' lang='grc' dir='ltr'><strong><em>ποιοῖντες</em></strong></span> <span class='ocrx_word' id='word_1_125' title='bbox 532 1833 638 1923; x_wconf 77' lang='grc' dir='ltr'><strong><em>δκείιιρ</em></strong></span> <span class='ocrx_word' id='word_1_126' title='bbox 666 1830 919 1915; x_wconf 87' lang='grc' dir='ltr'><strong><em>πεπολεμήκασιν</em></strong></span> <span class='ocrx_word' id='word_1_127' title='bbox 949 1833 1030 1919; x_wconf 76' lang='grc' dir='ltr'><strong><em>ὑπὲρ</em></strong></span> <span class='ocrx_word' id='word_1_128' title='bbox 1060 1834 1175 1905; x_wconf 70' lang='grc' dir='ltr'><strong><em>αὐτῶν.</em></strong></span> <span class='ocrx_word' id='word_1_129' title='bbox 1228 1831 1470 1917; x_wconf 72' lang='grc' dir='ltr'><strong><em>παρεκδλουνιὸ</em></strong></span> 
     </span>
     <span class='ocr_line' id='line_1_17' title="bbox 337 1926 1427 2021; baseline -0.002 -22"><span class='ocrx_word' id='word_1_130' title='bbox 337 1958 372 1999; x_wconf 88' lang='grc' dir='ltr'>τε</span> <span class='ocrx_word' id='word_1_131' title='bbox 391 1930 466 2007; x_wconf 79' lang='grc' dir='ltr'>τούς</span> <span class='ocrx_word' id='word_1_132' title='bbox 486 1930 607 2017; x_wconf 83' lang='grc' dir='ltr'><strong><em>δήμους</em></strong></span> <span class='ocrx_word' id='word_1_133' title='bbox 632 1934 710 2016; x_wconf 73' lang='grc' dir='ltr'><strong><em>ὑπὲρ</em></strong></span> <span class='ocrx_word' id='word_1_134' title='bbox 738 1936 803 1996; x_wconf 77' lang='grc' dir='ltr'>τῶν</span> <span class='ocrx_word' id='word_1_135' title='bbox 829 1936 984 2014; x_wconf 78' lang='grc' dir='ltr'><strong><em>βασιλέως</em></strong></span> <span class='ocrx_word' id='word_1_136' title='bbox 1014 1936 1137 1998; x_wconf 86' lang='grc' dir='ltr'><strong><em>παίδων</em></strong></span> <span class='ocrx_word' id='word_1_137' title='bbox 1157 1934 1307 2021; x_wconf 76' lang='grc' dir='ltr'><strong><em>ὀρφανῶν</em></strong></span> <span class='ocrx_word' id='word_1_138' title='bbox 1327 1926 1427 1997; x_wconf 76' lang='grc' dir='ltr'><strong><em>ὄντων</em></strong></span> 
     </span>
     <span class='ocr_line' id='line_1_18' title="bbox 337 2026 1427 2115; baseline 0.001 -19"><span class='ocrx_word' id='word_1_139' title='bbox 337 2030 455 2115; x_wconf 82' lang='grc' dir='ltr'><strong><em>πατρὸς</em></strong></span> <span class='ocrx_word' id='word_1_140' title='bbox 465 2032 651 2114; x_wconf 72' lang='grc' dir='ltr'><strong><em>ἀγανακτεῖν</em></strong></span> <span class='ocrx_word' id='word_1_141' title='bbox 673 2034 727 2095; x_wconf 86' lang='grc' dir='ltr'>καί</span> <span class='ocrx_word' id='word_1_142' title='bbox 746 2027 927 2113; x_wconf 76' lang='grc' dir='ltr'><strong><em>οἰμδνεσδαι</em></strong></span> <span class='ocrx_word' id='word_1_143' title='bbox 947 2030 1002 2097; x_wconf 78' lang='grc' dir='ltr'>τὸν</span> <span class='ocrx_word' id='word_1_144' title='bbox 1022 2032 1199 2098; x_wconf 76' lang='grc' dir='ltr'><strong><em>ἀδικοῦντα.</em></strong></span> <span class='ocrx_word' id='word_1_145' title='bbox 1241 2026 1280 2095; x_wconf 77' lang='grc' dir='ltr'>οὗ</span> <span class='ocrx_word' id='word_1_146' title='bbox 1302 2030 1341 2115; x_wconf 87' lang='grc' dir='ltr'>δή</span> <span class='ocrx_word' id='word_1_147' title='bbox 1358 2034 1427 2097; x_wconf 78' lang='grc' dir='ltr'><strong><em>ἓνε-</em></strong></span> 
     </span>
     <span class='ocr_line' id='line_1_19' title="bbox 338 2126 1428 2215; baseline 0.002 -22"><span class='ocrx_word' id='word_1_148' title='bbox 338 2155 378 2194; x_wconf 87' lang='grc' dir='ltr'><strong><em>κα</em></strong></span> <span class='ocrx_word' id='word_1_149' title='bbox 399 2131 571 2211; x_wconf 79' lang='grc' dir='ltr'><strong><em>ἐσκίψαντο</em></strong></span> <span class='ocrx_word' id='word_1_150' title='bbox 589 2126 775 2213; x_wconf 73' lang='grc' dir='ltr'><strong><em>συγκρούειν</em></strong></span> <span class='ocrx_word' id='word_1_151' title='bbox 806 2128 886 2215; x_wconf 83' lang='grc' dir='ltr'><strong><em>πρὸς</em></strong></span> <span class='ocrx_word' id='word_1_152' title='bbox 906 2126 1041 2206; x_wconf 76' lang='grc' dir='ltr'><strong><em>ἓαυτοίις</em></strong></span> <span class='ocrx_word' id='word_1_153' title='bbox 1072 2128 1146 2207; x_wconf 73' lang='grc' dir='ltr'><strong><em>τοὺς</em></strong></span> <span class='ocrx_word' id='word_1_154' title='bbox 1159 2128 1328 2213; x_wconf 80' lang='grc' dir='ltr'><strong><em>μοναχούς.</em></strong></span> <span class='ocrx_word' id='word_1_155' title='bbox 1370 2134 1428 2195; x_wconf 85' lang='grc' dir='ltr'>καί</span> 
     </span>
     <span class='ocr_line' id='line_1_20' title="bbox 335 2224 1428 2314; baseline 0 -21"><span class='ocrx_word' id='word_1_156' title='bbox 335 2229 513 2312; x_wconf 81' lang='grc' dir='ltr'><strong><em>Μακάριον</em></strong></span> <span class='ocrx_word' id='word_1_157' title='bbox 531 2230 591 2309; x_wconf 84' lang='grc' dir='ltr'><strong><em>μὲν</em></strong></span> <span class='ocrx_word' id='word_1_158' title='bbox 611 2228 667 2293; x_wconf 80' lang='grc' dir='ltr'>τὸν</span> <span class='ocrx_word' id='word_1_159' title='bbox 689 2224 826 2311; x_wconf 78' lang='grc' dir='ltr'><strong><em>Λαδρας</em></strong></span> <span class='ocrx_word' id='word_1_160' title='bbox 846 2227 1038 2313; x_wconf 73' lang='grc' dir='ltr'><strong><em>ἡγούμενον,</em></strong></span> <span class='ocrx_word' id='word_1_161' title='bbox 1062 2230 1289 2314; x_wconf 81' lang='grc' dir='ltr'><strong><em>Θεσσαλονίκης</em></strong></span> <span class='ocrx_word' id='word_1_162' title='bbox 1307 2254 1428 2314; x_wconf 86' lang='grc' dir='ltr'><strong><em>μητρο-</em></strong></span> 
     </span>
     <span class='ocr_line' id='line_1_21' title="bbox 339 2320 1468 2411; baseline 0.005 -22"><span class='ocrx_word' id='word_1_163' title='bbox 339 2330 466 2411; x_wconf 88' lang='grc' dir='ltr'><strong><em>πολίτην</em></strong></span> <span class='ocrx_word' id='word_1_164' title='bbox 494 2328 734 2409; x_wconf 83' lang='grc' dir='ltr'><strong><em>α’ποδείξαντες,</em></strong></span> <span class='ocrx_word' id='word_1_165' title='bbox 766 2325 896 2392; x_wconf 81' lang='grc' dir='ltr'><strong><em>ἔπεισαν</em></strong></span> <span class='ocrx_word' id='word_1_166' title='bbox 916 2328 954 2391; x_wconf 81' lang='lat' dir='ltr'>osi</span> <span class='ocrx_word' id='word_1_167' title='bbox 983 2324 1059 2411; x_wconf 82' lang='grc' dir='ltr'><strong><em>πρὸς</em></strong></span> <span class='ocrx_word' id='word_1_168' title='bbox 1087 2326 1159 2403; x_wconf 78' lang='grc' dir='ltr'>τούς</span> <span class='ocrx_word' id='word_1_169' title='bbox 1190 2320 1303 2403; x_wconf 72' lang='grc' dir='ltr'><strong><em>ἄλλους</em></strong></span> <span class='ocrx_word' id='word_1_170' title='bbox 1329 2324 1468 2409; x_wconf 70' lang='lat' dir='ltr'>priverno</span> 
     </span>
     <span class='ocr_line' id='line_1_22' title="bbox 244 2424 1426 2513; baseline -0.003 -20"><span class='ocrx_word' id='word_1_171' title='bbox 244 2426 540 2513; x_wconf 65' lang='grc' dir='ltr'><strong><em>Εἰσηδιενεχθήναι</em></strong></span> <span class='ocrx_word' id='word_1_172' title='bbox 562 2424 723 2510; x_wconf 78' lang='grc' dir='ltr'><strong><em>μοναχούς</em></strong></span> <span class='ocrx_word' id='word_1_173' title='bbox 754 2428 810 2492; x_wconf 85' lang='grc' dir='ltr'>καί</span> <span class='ocrx_word' id='word_1_174' title='bbox 828 2430 1151 2510; x_wconf 81' lang='grc' dir='ltr'><strong><em>Καντακυυζηνισμὸν</em></strong></span> <span class='ocrx_word' id='word_1_175' title='bbox 1172 2428 1275 2492; x_wconf 73' lang='grc' dir='ltr'><strong><em>ου’τοῖν</em></strong></span> <span class='ocrx_word' id='word_1_176' title='bbox 1292 2451 1426 2512; x_wconf 75' lang='grc' dir='ltr'><strong><em>κατηγο-</em></strong></span> 
     </span>
     <span class='ocr_line' id='line_1_23' title="bbox 338 2521 1426 2613; baseline 0.003 -24"><span class='ocrx_word' id='word_1_177' title='bbox 338 2533 421 2613; x_wconf 82' lang='grc' dir='ltr'><strong><em>ρεῖν,</em></strong></span> <span class='ocrx_word' id='word_1_178' title='bbox 456 2521 507 2590; x_wconf 80' lang='grc' dir='ltr'><strong><em>δτι</em></strong></span> <span class='ocrx_word' id='word_1_179' title='bbox 527 2522 566 2608; x_wconf 88' lang='grc' dir='ltr'>δή</span> <span class='ocrx_word' id='word_1_180' title='bbox 587 2524 643 2589; x_wconf 83' lang='grc' dir='ltr'>τὸν</span> <span class='ocrx_word' id='word_1_181' title='bbox 665 2527 759 2611; x_wconf 73' lang='lat' dir='ltr'>otios</span> <span class='ocrx_word' id='word_1_182' title='bbox 782 2525 916 2608; x_wconf 71' lang='grc' dir='ltr'><strong><em>δρῶντες</em></strong></span> <span class='ocrx_word' id='word_1_183' title='bbox 936 2523 1127 2592; x_wconf 78' lang='grc' dir='ltr'><strong><em>ἀπολεῖσθαι</em></strong></span> <span class='ocrx_word' id='word_1_184' title='bbox 1152 2524 1216 2590; x_wconf 80' lang='lat' dir='ltr'>simi</span> <span class='ocrx_word' id='word_1_185' title='bbox 1239 2529 1298 2590; x_wconf 78' lang='grc' dir='ltr'><strong><em>τοῦ</em></strong></span> <span class='ocrx_word' id='word_1_186' title='bbox 1317 2529 1426 2592; x_wconf 76' lang='grc' dir='ltr'><strong><em>κοινοῦ</em></strong></span> 
     </span>
     <span class='ocr_line' id='line_1_24' title="bbox 337 2621 1425 2715; baseline 0.004 -28"><span class='ocrx_word' id='word_1_187' title='bbox 337 2625 474 2706; x_wconf 78' lang='grc' dir='ltr'><strong><em>πολέμου</em></strong></span> <span class='ocrx_word' id='word_1_188' title='bbox 494 2621 730 2702; x_wconf 75' lang='grc' dir='ltr'><strong><em>κινδυνεύοντα,</em></strong></span> <span class='ocrx_word' id='word_1_189' title='bbox 751 2625 786 2691; x_wconf 80' lang='grc' dir='ltr'><strong><em>δν</em></strong></span> <span class='ocrx_word' id='word_1_190' title='bbox 809 2627 903 2711; x_wconf 86' lang='grc' dir='ltr'><strong><em>ζήλου</em></strong></span> <span class='ocrx_word' id='word_1_191' title='bbox 923 2628 1020 2715; x_wconf 75' lang='grc' dir='ltr'><strong><em>μοίρᾳ</em></strong></span> <span class='ocrx_word' id='word_1_192' title='bbox 1048 2626 1103 2690; x_wconf 85' lang='grc' dir='ltr'>καί</span> <span class='ocrx_word' id='word_1_193' title='bbox 1120 2629 1174 2710; x_wconf 82' lang='grc' dir='ltr'><strong><em>τής</em></strong></span> <span class='ocrx_word' id='word_1_194' title='bbox 1194 2624 1273 2712; x_wconf 77' lang='grc' dir='ltr'><strong><em>πρὸς</em></strong></span> <span class='ocrx_word' id='word_1_195' title='bbox 1288 2623 1328 2690; x_wconf 78' lang='lat' dir='ltr'>ssi</span> <span class='ocrx_word' id='word_1_196' title='bbox 1348 2629 1425 2708; x_wconf 67' lang='lat' dir='ltr'>dcl-</span> 
     </span>
    </p>
   </div>
   <div class='ocr_carea' id='block_1_3' title="bbox 408 2779 821 2840">
    <p class='ocr_par' dir='ltr' id='par_1_3' title="bbox 408 2779 821 2840">
     <span class='ocr_line' id='line_1_25' title="bbox 408 2779 821 2840; baseline 0.012 -9"><span class='ocrx_word' id='word_1_197' title='bbox 408 2783 433 2836; x_wconf 83' lang='grc'>3.</span> <span class='ocrx_word' id='word_1_198' title='bbox 451 2780 492 2840; x_wconf 78' lang='grc' dir='ltr'><strong><em>εἰς</em></strong></span> <span class='ocrx_word' id='word_1_199' title='bbox 508 2779 569 2834; x_wconf 85' lang='lat' dir='ltr'>add</span> <span class='ocrx_word' id='word_1_200' title='bbox 587 2781 625 2834; x_wconf 81' lang='lat' dir='ltr'>M.</span> <span class='ocrx_word' id='word_1_201' title='bbox 643 2790 708 2836; x_wconf 84' lang='lat' dir='ltr'>ante</span> <span class='ocrx_word' id='word_1_202' title='bbox 725 2781 821 2838; x_wconf 77' lang='grc' dir='ltr'><strong><em>οἰδὲν.</em></strong></span> 
     </span>
    </p>
   </div>
   <div class='ocr_carea' id='block_1_4' title="bbox 335 2948 1425 3861">
    <p class='ocr_par' dir='ltr' id='par_1_4' title="bbox 335 2948 1425 3861">
     <span class='ocr_line' id='line_1_26' title="bbox 338 2948 1423 3024; baseline 0 -20"><span class='ocrx_word' id='word_1_203' title='bbox 338 2965 418 3004; x_wconf 81' lang='lat' dir='ltr'>curae</span> <span class='ocrx_word' id='word_1_204' title='bbox 436 2958 521 3004; x_wconf 82' lang='lat' dir='ltr'>erant</span> <span class='ocrx_word' id='word_1_205' title='bbox 557 2948 614 3019; x_wconf 85' lang='lat' dir='ltr'>Qui</span> <span class='ocrx_word' id='word_1_206' title='bbox 632 2957 792 3014; x_wconf 85' lang='lat' dir='ltr'>cernentes,</span> <span class='ocrx_word' id='word_1_207' title='bbox 816 2965 862 3003; x_wconf 89' lang='lat' dir='ltr'>eos</span> <span class='ocrx_word' id='word_1_208' title='bbox 880 2949 954 3004; x_wconf 90' lang='lat' dir='ltr'>bello</span> <span class='ocrx_word' id='word_1_209' title='bbox 979 2966 1061 3022; x_wconf 87' lang='lat' dir='ltr'>qnam</span> <span class='ocrx_word' id='word_1_210' title='bbox 1087 2967 1153 3024; x_wconf 82' lang='lat' dir='ltr'>pace</span> <span class='ocrx_word' id='word_1_211' title='bbox 1180 2952 1296 3022; x_wconf 72' lang='lat' dir='ltr'>gaudere</span> <span class='ocrx_word' id='word_1_212' title='bbox 1317 2953 1423 3022; x_wconf 78' lang='lat' dir='ltr'>magis,</span> 
     </span>
     <span class='ocr_line' id='line_1_27' title="bbox 337 3019 1422 3091; baseline 0 -16"><span class='ocrx_word' id='word_1_213' title='bbox 337 3038 397 3075; x_wconf 84' lang='lat' dir='ltr'>essm</span> <span class='ocrx_word' id='word_1_214' title='bbox 414 3022 497 3076; x_wconf 90' lang='lat' dir='ltr'>toties</span> <span class='ocrx_word' id='word_1_215' title='bbox 512 3037 594 3089; x_wconf 89' lang='lat' dir='ltr'>snper</span> <span class='ocrx_word' id='word_1_216' title='bbox 611 3036 642 3072; x_wconf 89' lang='lat' dir='ltr'>ea</span> <span class='ocrx_word' id='word_1_217' title='bbox 660 3022 766 3087; x_wconf 74' lang='lat' dir='ltr'>rogati,</span> <span class='ocrx_word' id='word_1_218' title='bbox 788 3021 822 3072; x_wconf 86' lang='lat' dir='ltr'>sd</span> <span class='ocrx_word' id='word_1_219' title='bbox 837 3019 966 3074; x_wconf 88' lang='lat' dir='ltr'>obtentus</span> <span class='ocrx_word' id='word_1_220' title='bbox 983 3023 1112 3091; x_wconf 84' lang='lat' dir='ltr'>quosdam</span> <span class='ocrx_word' id='word_1_221' title='bbox 1133 3032 1162 3076; x_wconf 87' lang='lat' dir='ltr'>et</span> <span class='ocrx_word' id='word_1_222' title='bbox 1174 3039 1264 3076; x_wconf 85' lang='lat' dir='ltr'>causas</span> <span class='ocrx_word' id='word_1_223' title='bbox 1282 3038 1422 3076; x_wconf 86' lang='lat' dir='ltr'>commen·</span> 
     </span>
     <span class='ocr_line' id='line_1_28' title="bbox 336 3089 1423 3162; baseline -0.003 -17"><span class='ocrx_word' id='word_1_224' title='bbox 336 3095 413 3145; x_wconf 87' lang='lat' dir='ltr'>tltias</span> <span class='ocrx_word' id='word_1_225' title='bbox 437 3089 630 3160; x_wconf 78' lang='lat' dir='ltr'>confugerent,</span> <span class='ocrx_word' id='word_1_226' title='bbox 659 3090 813 3142; x_wconf 83' lang='lat' dir='ltr'>revertendi</span> <span class='ocrx_word' id='word_1_227' title='bbox 838 3097 1001 3160; x_wconf 85' lang='lat' dir='ltr'>potestatem</span> <span class='ocrx_word' id='word_1_228' title='bbox 1026 3097 1189 3162; x_wconf 82' lang='lat' dir='ltr'>petiverunt.</span> <span class='ocrx_word' id='word_1_229' title='bbox 1224 3095 1260 3146; x_wconf 79' lang='lat' dir='ltr'>At</span> <span class='ocrx_word' id='word_1_230' title='bbox 1282 3093 1341 3144; x_wconf 90' lang='lat' dir='ltr'>istis</span> <span class='ocrx_word' id='word_1_231' title='bbox 1357 3107 1423 3144; x_wconf 90' lang='lat' dir='ltr'>-nec</span> 
     </span>
     <span class='ocr_line' id='line_1_29' title="bbox 336 3160 1423 3234; baseline -0.002 -19"><span class='ocrx_word' id='word_1_232' title='bbox 336 3163 389 3215; x_wconf 89' lang='lat' dir='ltr'>boc</span> <span class='ocrx_word' id='word_1_233' title='bbox 406 3163 559 3215; x_wconf 78' lang='lat' dir='ltr'><strong>conducere</strong></span> <span class='ocrx_word' id='word_1_234' title='bbox 577 3163 664 3213; x_wconf 86' lang='lat' dir='ltr'>risum</span> <span class='ocrx_word' id='word_1_235' title='bbox 686 3169 741 3223; x_wconf 85' lang='lat' dir='ltr'>est,</span> <span class='ocrx_word' id='word_1_236' title='bbox 760 3167 793 3210; x_wconf 87' lang='lat' dir='ltr'>sst</span> <span class='ocrx_word' id='word_1_237' title='bbox 809 3160 922 3231; x_wconf 76' lang='lat' dir='ltr'>digressi</span> <span class='ocrx_word' id='word_1_238' title='bbox 942 3165 1066 3216; x_wconf 86' lang='lat' dir='ltr'>monachi</span> <span class='ocrx_word' id='word_1_239' title='bbox 1086 3165 1158 3234; x_wconf 87' lang='lat' dir='ltr'>ipsos</span> <span class='ocrx_word' id='word_1_240' title='bbox 1175 3164 1258 3226; x_wconf 89' lang='lat' dir='ltr'>belli,</span> <span class='ocrx_word' id='word_1_241' title='bbox 1282 3163 1423 3216; x_wconf 79' lang='lat' dir='ltr'>Caratacu-</span> 
     </span>
     <span class='ocr_line' id='line_1_30' title="bbox 336 3229 1422 3304; baseline -0.001 -19"><span class='ocrx_word' id='word_1_242' title='bbox 336 3247 432 3285; x_wconf 84' lang='lat' dir='ltr'>senum</span> <span class='ocrx_word' id='word_1_243' title='bbox 455 3233 529 3302; x_wconf 85' lang='lat' dir='ltr'>pacis</span> <span class='ocrx_word' id='word_1_244' title='bbox 552 3237 690 3283; x_wconf 87' lang='lat' dir='ltr'>auctorem</span> <span class='ocrx_word' id='word_1_245' title='bbox 708 3229 897 3300; x_wconf 69' lang='lat' dir='ltr'>praedicarent</span> <span class='ocrx_word' id='word_1_246' title='bbox 924 3233 1168 3304; x_wconf 68' lang='lat' dir='ltr'>testimoniumque</span> <span class='ocrx_word' id='word_1_247' title='bbox 1194 3235 1314 3294; x_wconf 79' lang='lat' dir='ltr'>ferrent,</span> <span class='ocrx_word' id='word_1_248' title='bbox 1340 3233 1422 3284; x_wconf 85' lang='lat' dir='ltr'>illuns</span> 
     </span>
     <span class='ocr_line' id='line_1_31' title="bbox 336 3300 1423 3374; baseline -0.003 -18"><span class='ocrx_word' id='word_1_249' title='bbox 336 3303 460 3356; x_wconf 82' lang='lat' dir='ltr'>iustitiae</span> <span class='ocrx_word' id='word_1_250' title='bbox 481 3309 662 3355; x_wconf 77' lang='lat' dir='ltr'>consentanea</span> <span class='ocrx_word' id='word_1_251' title='bbox 681 3308 710 3352; x_wconf 90' lang='lat' dir='ltr'>et</span> <span class='ocrx_word' id='word_1_252' title='bbox 728 3300 897 3352; x_wconf 74' lang='lat' dir='ltr'>universitati</span> <span class='ocrx_word' id='word_1_253' title='bbox 920 3301 1056 3357; x_wconf 83' lang='lat' dir='ltr'>fructuosa</span> <span class='ocrx_word' id='word_1_254' title='bbox 1074 3303 1223 3374; x_wconf 79' lang='lat' dir='ltr'>postulare.</span> <span class='ocrx_word' id='word_1_255' title='bbox 1265 3303 1327 3355; x_wconf 86' lang='lat' dir='ltr'>Non</span> <span class='ocrx_word' id='word_1_256' title='bbox 1345 3305 1423 3354; x_wconf 83' lang='lat' dir='ltr'>enim</span> 
     </span>
     <span class='ocr_line' id='line_1_32' title="bbox 337 3371 1423 3444; baseline 0.004 -22"><span class='ocrx_word' id='word_1_257' title='bbox 337 3371 502 3443; x_wconf 86' lang='lat' dir='ltr'>quibusdam</span> <span class='ocrx_word' id='word_1_258' title='bbox 518 3374 626 3426; x_wconf 75' lang='lat' dir='ltr'>levibus</span> <span class='ocrx_word' id='word_1_259' title='bbox 645 3371 806 3422; x_wconf 68' lang='lat' dir='ltr'>ratiunculis</span> <span class='ocrx_word' id='word_1_260' title='bbox 826 3386 919 3424; x_wconf 87' lang='lat' dir='ltr'>usuros</span> <span class='ocrx_word' id='word_1_261' title='bbox 937 3371 1153 3436; x_wconf 79' lang='lat' dir='ltr'>arbitrabantur,</span> <span class='ocrx_word' id='word_1_262' title='bbox 1182 3372 1283 3444; x_wconf 89' lang='lat' dir='ltr'>quibus</span> <span class='ocrx_word' id='word_1_263' title='bbox 1302 3373 1423 3441; x_wconf 89' lang='lat' dir='ltr'>populos</span> 
     </span>
     <span class='ocr_line' id='line_1_33' title="bbox 335 3440 1423 3513; baseline -0.001 -19"><span class='ocrx_word' id='word_1_264' title='bbox 335 3441 530 3513; x_wconf 77' lang='lat' dir='ltr'>perturbarent</span> <span class='ocrx_word' id='word_1_265' title='bbox 547 3451 630 3512; x_wconf 82' lang='lat' dir='ltr'>atque</span> <span class='ocrx_word' id='word_1_266' title='bbox 648 3441 683 3492; x_wconf 89' lang='lat' dir='ltr'>sd</span> <span class='ocrx_word' id='word_1_267' title='bbox 701 3457 774 3493; x_wconf 85' lang='lat' dir='ltr'>arma</span> <span class='ocrx_word' id='word_1_268' title='bbox 792 3440 985 3505; x_wconf 82' lang='lat' dir='ltr'>incenderent,</span> <span class='ocrx_word' id='word_1_269' title='bbox 1009 3459 1075 3494; x_wconf 87' lang='lat' dir='ltr'>cuns.</span> <span class='ocrx_word' id='word_1_270' title='bbox 1088 3443 1141 3513; x_wconf 90' lang='lat' dir='ltr'>ipsi</span> <span class='ocrx_word' id='word_1_271' title='bbox 1159 3459 1193 3496; x_wconf 86' lang='lat' dir='ltr'>err</span> <span class='ocrx_word' id='word_1_272' title='bbox 1214 3444 1340 3495; x_wconf 86' lang='lat' dir='ltr'>instituto</span> <span class='ocrx_word' id='word_1_273' title='bbox 1359 3441 1423 3494; x_wconf 84' lang='lat' dir='ltr'>bla-</span> 
     </span>
     <span class='ocr_line' id='line_1_34' title="bbox 336 3511 1422 3586; baseline -0.002 -21"><span class='ocrx_word' id='word_1_274' title='bbox 336 3519 447 3565; x_wconf 86' lang='lat' dir='ltr'>terones</span> <span class='ocrx_word' id='word_1_275' title='bbox 464 3512 596 3582; x_wconf 85' lang='lat' dir='ltr'>quosdam</span> <span class='ocrx_word' id='word_1_276' title='bbox 607 3511 769 3563; x_wconf 89' lang='lat' dir='ltr'>subornatos</span> <span class='ocrx_word' id='word_1_277' title='bbox 780 3525 830 3580; x_wconf 88' lang='lat' dir='ltr'>per</span> <span class='ocrx_word' id='word_1_278' title='bbox 840 3511 940 3581; x_wconf 90' lang='lat' dir='ltr'>oppida</span> <span class='ocrx_word' id='word_1_279' title='bbox 957 3511 1133 3575; x_wconf 71' lang='lat' dir='ltr'>dimisissent,</span> <span class='ocrx_word' id='word_1_280' title='bbox 1152 3516 1199 3586; x_wconf 91' lang='lat' dir='ltr'>qui</span> <span class='ocrx_word' id='word_1_281' title='bbox 1211 3513 1422 3584; x_wconf 76' lang='lat' dir='ltr'>proclamarent,</span> 
     </span>
     <span class='ocr_line' id='line_1_35' title="bbox 338 3580 1423 3649; baseline 0.001 -16"><span class='ocrx_word' id='word_1_282' title='bbox 338 3581 553 3634; x_wconf 81' lang='lat' dir='ltr'>Cantscunennna</span> <span class='ocrx_word' id='word_1_283' title='bbox 572 3581 608 3644; x_wconf 82' lang='lat' dir='ltr'>ab</span> <span class='ocrx_word' id='word_1_284' title='bbox 624 3581 765 3632; x_wconf 83' lang='lat' dir='ltr'>auditione</span> <span class='ocrx_word' id='word_1_285' title='bbox 791 3582 864 3649; x_wconf 82' lang='lat' dir='ltr'>pacis</span> <span class='ocrx_word' id='word_1_286' title='bbox 882 3580 1028 3636; x_wconf 83' lang='lat' dir='ltr'>abhorrere</span> <span class='ocrx_word' id='word_1_287' title='bbox 1047 3590 1075 3635; x_wconf 87' lang='lat' dir='ltr'>et</span> <span class='ocrx_word' id='word_1_288' title='bbox 1092 3585 1201 3646; x_wconf 81' lang='lat' dir='ltr'>minari,</span> <span class='ocrx_word' id='word_1_289' title='bbox 1221 3599 1250 3635; x_wconf 87' lang='lat' dir='ltr'>se</span> <span class='ocrx_word' id='word_1_290' title='bbox 1270 3583 1357 3635; x_wconf 80' lang='lat' dir='ltr'>relata</span> <span class='ocrx_word' id='word_1_291' title='bbox 1376 3583 1423 3636; x_wconf 82' lang='lat' dir='ltr'>vi-</span> 
     </span>
     <span class='ocr_line' id='line_1_36' title="bbox 337 3649 1424 3720; baseline 0.003 -18"><span class='ocrx_word' id='word_1_292' title='bbox 337 3654 423 3704; x_wconf 86' lang='lat' dir='ltr'>ctoria</span> <span class='ocrx_word' id='word_1_293' title='bbox 440 3651 610 3719; x_wconf 86' lang='lat' dir='ltr'>imperatoris</span> <span class='ocrx_word' id='word_1_294' title='bbox 630 3649 731 3702; x_wconf 88' lang='lat' dir='ltr'>liberos</span> <span class='ocrx_word' id='word_1_295' title='bbox 749 3650 883 3703; x_wconf 79' lang='lat' dir='ltr'>iacturum</span> <span class='ocrx_word' id='word_1_296' title='bbox 907 3653 1034 3705; x_wconf 87' lang='lat' dir='ltr'>mortales</span> <span class='ocrx_word' id='word_1_297' title='bbox 1058 3653 1241 3716; x_wconf 84' lang='lat' dir='ltr'>miserrimos,</span> <span class='ocrx_word' id='word_1_298' title='bbox 1266 3669 1298 3703; x_wconf 87' lang='lat' dir='ltr'>ac</span> <span class='ocrx_word' id='word_1_299' title='bbox 1324 3667 1424 3720; x_wconf 80' lang='lat' dir='ltr'>perae-</span> 
     </span>
     <span class='ocr_line' id='line_1_37' title="bbox 338 3721 1423 3792; baseline 0.003 -21"><span class='ocrx_word' id='word_1_300' title='bbox 338 3737 393 3790; x_wconf 89' lang='lat' dir='ltr'>que</span> <span class='ocrx_word' id='word_1_301' title='bbox 416 3722 500 3783; x_wconf 85' lang='lat' dir='ltr'>alios,</span> <span class='ocrx_word' id='word_1_302' title='bbox 522 3728 657 3792; x_wconf 85' lang='lat' dir='ltr'>quotquot</span> <span class='ocrx_word' id='word_1_303' title='bbox 678 3737 768 3773; x_wconf 80' lang='lat' dir='ltr'>amose</span> <span class='ocrx_word' id='word_1_304' title='bbox 786 3721 908 3773; x_wconf 85' lang='lat' dir='ltr'>iustitiae</span> <span class='ocrx_word' id='word_1_305' title='bbox 925 3739 973 3790; x_wconf 86' lang='lat' dir='ltr'>pro</span> <span class='ocrx_word' id='word_1_306' title='bbox 992 3723 1058 3790; x_wconf 86' lang='lat' dir='ltr'>ipsis</span> <span class='ocrx_word' id='word_1_307' title='bbox 1078 3731 1171 3776; x_wconf 83' lang='lat' dir='ltr'>coutrs</span> <span class='ocrx_word' id='word_1_308' title='bbox 1187 3739 1215 3776; x_wconf 86' lang='lat' dir='ltr'>se</span> <span class='ocrx_word' id='word_1_309' title='bbox 1231 3721 1423 3792; x_wconf 73' lang='lat' dir='ltr'>pugnaverint.</span> 
     </span>
     <span class='ocr_line' id='line_1_38' title="bbox 338 3790 1425 3861; baseline 0.003 -20"><span class='ocrx_word' id='word_1_310' title='bbox 338 3790 494 3842; x_wconf 83' lang='lat' dir='ltr'>Incitabant</span> <span class='ocrx_word' id='word_1_311' title='bbox 510 3790 593 3859; x_wconf 73' lang='lat' dir='ltr'>igitur</span> <span class='ocrx_word' id='word_1_312' title='bbox 609 3791 745 3859; x_wconf 86' lang='lat' dir='ltr'>populos,</span> <span class='ocrx_word' id='word_1_313' title='bbox 770 3798 801 3842; x_wconf 88' lang='lat' dir='ltr'>ut</span> <span class='ocrx_word' id='word_1_314' title='bbox 817 3791 936 3843; x_wconf 87' lang='lat' dir='ltr'>liliorum</span> <span class='ocrx_word' id='word_1_315' title='bbox 960 3793 1131 3861; x_wconf 81' lang='lat' dir='ltr'>imperator-is</span> <span class='ocrx_word' id='word_1_316' title='bbox 1158 3795 1211 3845; x_wconf 80' lang='lat' dir='ltr'>iarn</span> <span class='ocrx_word' id='word_1_317' title='bbox 1237 3793 1425 3860; x_wconf 82' lang='lat' dir='ltr'>orphanorum</span> 
     </span>
    </p>
   </div>
   <div class='ocr_carea' id='block_1_5' title="bbox 337 3859 1424 3984">
    <p class='ocr_par' dir='ltr' id='par_1_5' title="bbox 337 3859 1424 3984">
     <span class='ocr_line' id='line_1_39' title="bbox 337 3859 1424 3984; baseline 0.005 -73"><span class='ocrx_word' id='word_1_318' title='bbox 337 3861 424 3911; x_wconf 80' lang='lat' dir='ltr'>vicem</span> <span class='ocrx_word' id='word_1_319' title='bbox 447 3860 587 3921; x_wconf 83' lang='lat' dir='ltr'>dolentes,</span> <span class='ocrx_word' id='word_1_320' title='bbox 613 3859 648 3910; x_wconf 88' lang='lat' dir='ltr'>ab</span> <span class='ocrx_word' id='word_1_321' title='bbox 667 3876 759 3911; x_wconf 81' lang='lat' dir='ltr'>eorum</span> <span class='ocrx_word' id='word_1_322' title='bbox 779 3861 915 3928; x_wconf 82' lang='lat' dir='ltr'>capitibus</span> <span class='ocrx_word' id='word_1_323' title='bbox 942 3859 1062 3915; x_wconf 91' lang='lat' dir='ltr'>bominis</span> <span class='ocrx_word' id='word_1_324' title='bbox 1087 3864 1198 3915; x_wconf 87' lang='lat' dir='ltr'>iniurias</span> <span class='ocrx_word' id='word_1_325' title='bbox 1221 3864 1424 3984; x_wconf 74' lang='lat' dir='ltr'>propulsarent.</span> 
     </span>
    </p>
   </div>
   <div class='ocr_carea' id='block_1_6' title="bbox 337 3929 1425 4212">
    <p class='ocr_par' dir='ltr' id='par_1_6' title="bbox 337 3929 1425 4212">
     <span class='ocr_line' id='line_1_40' title="bbox 339 3929 1425 4000; baseline 0.006 -20"><span class='ocrx_word' id='word_1_326' title='bbox 339 3929 384 3982; x_wconf 90' lang='lat' dir='ltr'>Ob</span> <span class='ocrx_word' id='word_1_327' title='bbox 400 3929 455 3981; x_wconf 89' lang='lat' dir='ltr'>boc</span> <span class='ocrx_word' id='word_1_328' title='bbox 471 3930 565 4000; x_wconf 83' lang='lat' dir='ltr'>itaque</span> <span class='ocrx_word' id='word_1_329' title='bbox 588 3929 857 3992; x_wconf 77' lang='lat' dir='ltr'>commutabantur,</span> <span class='ocrx_word' id='word_1_330' title='bbox 879 3931 1018 4000; x_wconf 87' lang='lat' dir='ltr'>quomodo</span> <span class='ocrx_word' id='word_1_331' title='bbox 1037 3932 1109 3985; x_wconf 90' lang='lat' dir='ltr'>inter</span> <span class='ocrx_word' id='word_1_332' title='bbox 1125 3949 1220 3985; x_wconf 87' lang='lat' dir='ltr'>monac</span> <span class='ocrx_word' id='word_1_333' title='bbox 1241 3947 1273 3982; x_wconf 82' lang='lat' dir='ltr'>os</span> <span class='ocrx_word' id='word_1_334' title='bbox 1297 3932 1375 3984; x_wconf 85' lang='lat' dir='ltr'>litem</span> <span class='ocrx_word' id='word_1_335' title='bbox 1394 3940 1425 3986; x_wconf 85' lang='lat' dir='ltr'>et</span> 
     </span>
     <span class='ocr_line' id='line_1_41' title="bbox 339 4000 1424 4071; baseline 0.001 -19"><span class='ocrx_word' id='word_1_336' title='bbox 339 4000 537 4052; x_wconf 81' lang='lat' dir='ltr'>dissensionem</span> <span class='ocrx_word' id='word_1_337' title='bbox 564 4006 693 4050; x_wconf 82' lang='lat' dir='ltr'>sererent</span> <span class='ocrx_word' id='word_1_338' title='bbox 729 4001 768 4051; x_wconf 79' lang='lat' dir='ltr'>dc</span> <span class='ocrx_word' id='word_1_339' title='bbox 788 4001 937 4052; x_wconf 76' lang='lat' dir='ltr'>macarium</span> <span class='ocrx_word' id='word_1_340' title='bbox 961 4001 1093 4069; x_wconf 84' lang='lat' dir='ltr'>quidem,</span> <span class='ocrx_word' id='word_1_341' title='bbox 1117 4003 1221 4056; x_wconf 85' lang='lat' dir='ltr'>Laurse</span> <span class='ocrx_word' id='word_1_342' title='bbox 1238 4002 1424 4071; x_wconf 81' lang='lat' dir='ltr'>praefectum,</span> 
     </span>
     <span class='ocr_line' id='line_1_42' title="bbox 337 4068 1423 4142; baseline 0.003 -20"><span class='ocrx_word' id='word_1_343' title='bbox 337 4070 541 4139; x_wconf 84' lang='lat' dir='ltr'>metropolitam</span> <span class='ocrx_word' id='word_1_344' title='bbox 555 4068 825 4120; x_wconf 79' lang='lat' dir='ltr'>Thessalonicensem</span> <span class='ocrx_word' id='word_1_345' title='bbox 844 4068 1031 4140; x_wconf 79' lang='lat' dir='ltr'>designantes,</span> <span class='ocrx_word' id='word_1_346' title='bbox 1049 4089 1082 4125; x_wconf 90' lang='lat' dir='ltr'>eo</span> <span class='ocrx_word' id='word_1_347' title='bbox 1097 4072 1298 4142; x_wconf 79' lang='lat' dir='ltr'>perduxerunt,</span> <span class='ocrx_word' id='word_1_348' title='bbox 1316 4081 1348 4124; x_wconf 89' lang='lat' dir='ltr'>nt</span> <span class='ocrx_word' id='word_1_349' title='bbox 1366 4089 1423 4125; x_wconf 88' lang='lat' dir='ltr'>non</span> 
     </span>
     <span class='ocr_line' id='line_1_43' title="bbox 339 4138 1424 4212; baseline 0.001 -19"><span class='ocrx_word' id='word_1_350' title='bbox 339 4147 446 4193; x_wconf 87' lang='lat' dir='ltr'>tanturn</span> <span class='ocrx_word' id='word_1_351' title='bbox 463 4139 498 4191; x_wconf 85' lang='lat' dir='ltr'>ab</span> <span class='ocrx_word' id='word_1_352' title='bbox 516 4139 579 4189; x_wconf 85' lang='lat' dir='ltr'>aliis</span> <span class='ocrx_word' id='word_1_353' title='bbox 598 4138 734 4190; x_wconf 78' lang='lat' dir='ltr'>monacbis</span> <span class='ocrx_word' id='word_1_354' title='bbox 756 4138 919 4202; x_wconf 85' lang='lat' dir='ltr'>dissideret,</span> <span class='ocrx_word' id='word_1_355' title='bbox 942 4155 1043 4210; x_wconf 88' lang='lat' dir='ltr'>eosque</span> <span class='ocrx_word' id='word_1_356' title='bbox 1071 4143 1305 4196; x_wconf 85' lang='lat' dir='ltr'>Cantscnsenismi</span> <span class='ocrx_word' id='word_1_357' title='bbox 1324 4158 1424 4212; x_wconf 73' lang='lat' dir='ltr'>argue-</span> 
     </span>
    </p>
   </div>
   <div class='ocr_carea' id='block_1_7' title="bbox 339 4209 1425 4286">
    <p class='ocr_par' dir='ltr' id='par_1_7' title="bbox 339 4209 1425 4286">
     <span class='ocr_line' id='line_1_44' title="bbox 339 4209 1425 4286; baseline 0.006 -23"><span class='ocrx_word' id='word_1_358' title='bbox 339 4219 393 4277; x_wconf 86' lang='lat' dir='ltr'>ret,</span> <span class='ocrx_word' id='word_1_359' title='bbox 408 4211 489 4286; x_wconf 84' lang='lat' dir='ltr'>(quis</span> <span class='ocrx_word' id='word_1_360' title='bbox 510 4209 640 4264; x_wconf 81' lang='lat' dir='ltr'>nimirum</span> <span class='ocrx_word' id='word_1_361' title='bbox 665 4210 780 4264; x_wconf 82' lang='lat' dir='ltr'>amicum</span> <span class='ocrx_word' id='word_1_362' title='bbox 799 4209 835 4263; x_wconf 91' lang='lat' dir='ltr'>ob</span> <span class='ocrx_word' id='word_1_363' title='bbox 854 4225 927 4264; x_wconf 85' lang='lat' dir='ltr'>arnsa</span> <span class='ocrx_word' id='word_1_364' title='bbox 948 4215 1103 4267; x_wconf 77' lang='lat' dir='ltr'>communis</span> <span class='ocrx_word' id='word_1_365' title='bbox 1121 4213 1243 4285; x_wconf 85' lang='lat' dir='ltr'>periculo</span> <span class='ocrx_word' id='word_1_366' title='bbox 1260 4213 1425 4270; x_wconf 74' lang='lat' dir='ltr'>conflictan-</span> 
     </span>
    </p>
   </div>
   <div class='ocr_carea' id='block_1_8' title="bbox 0 0 1568 4900">
    <p class='ocr_par' dir='ltr' id='par_1_8' title="bbox 0 0 1568 4900">
     <span class='ocr_line' id='line_1_45' title="bbox 0 0 1568 4900; baseline 0 0"><span class='ocrx_word' id='word_1_367' title='bbox 0 0 1568 4900; x_wconf 95' lang='lat' dir='ltr'> </span> 
     </span>
    </p>
   </div>
  </div>
 </body>
</html>
