3125 4900
322 300 378 399 86
721 334 1001 405 morienimi

174 508 233 562 tc
256 512 414 590 rttrppror
436 498 583 585 παραινιό
601 498 773 581 περιιδεῖν,
803 489 885 556 ἄλλό
913 489 1015 574 λόγοις
1036 487 1170 557 κολόσιιι
1188 483 1407 575 προσκαλεσα-

317 602 413 684 μὲνιγν
441 602 496 683 τῆς
516 594 657 681 γλώσσης
682 597 735 678 τῆς
764 586 936 665 ἀκολασίας
965 592 1064 654 ἓνεκα.
1104 585 1326 675 παρῄνεσα-ό
1348 578 1405 667 όν,

317 701 373 763 καί
392 701 552 763 ε’πιπλεῖον
575 697 778 773 ἐνδείξασθαι
800 692 858 776 τὴν
879 687 978 774 όργὴν
1006 686 1065 771 τὴν
1095 685 1177 773 πρός
1209 685 1346 767 adroic,
1374 688 1407 752 εἰ

315 796 361 883 μῆ
381 796 502 881 ταχέως
523 794 650 877 ἔμελλον
677 794 805 858 ἐνθένδε
829 785 1078 866 α’πελεόσεσθαι,
1100 785 1177 863 τοός
1195 790 1323 861 πλείους
1345 788 1404 850 αό-

315 902 379 962 τιόν
400 892 605 983 παραλαβών.
646 890 695 955 dri>
715 891 797 971 μετοὶ
825 887 861 954 τὸ
880 886 1093 968 καθάψασθαι
1115 884 1309 969 dominor,
1342 881 1426 949 πει-5

294 994 444 1079 ερόσχου
463 994 665 1077 συγγνώμην,
698 991 867 1073 αἰτιωμένη
886 992 940 1070 τῆς
961 985 1140 1069 ὁδοιπορίας
1161 982 1220 1069 τὴν
1240 984 1406 1069 όνόγκην.”

317 1084 344 1183 ᾧ
364 1097 530 1158 πεισθεῖσα
554 1094 608 1155 καῖ
627 1086 646 1173 ἦ
667 1088 809 1170 βασιλῖς,
831 1083 904 1160 τοός
925 1077 1042 1167 ἄνδρας
1061 1108 1094 1148 τε
1111 1089 1332 1168 προσεκαλεῖτο
1350 1079 1407 1148 καὶ

315 1192 475 1271 ιόνεόόιζεν
504 1188 612 1265 αὐτοῖς
637 1186 695 1272 τὴν
725 1186 954 1265 α’παιδευοιλιν,
986 1178 1036 1247 ότι
1056 1184 1213 1265 βασιλέων
1231 1186 1405 1267 ἐντεθραμ-

248 1298 252 1307 ’
314 1296 405 1374 μένοι
441 1290 550 1371 νόμοις
581 1287 637 1353 καὶ
664 1285 808 1362 συνόντες
836 1289 872 1352 ἐκ
899 1283 1032 1365 παιδός,
1061 1286 1153 1350 οὐδὲν
1185 1276 1311 1365 ἄμεινον
1338 1286 1405 1348 τοῖν

316 1387 534 1473 α’βασιλεότων
547 1389 706 1453 διάκεισθε
722 1384 911 1473 βαρβάρων,
935 1388 998 1449 noir
1012 1382 1047 1448 τό
1061 1387 1306 1467 προσιστάμενον
1321 1384 1441 1462 riperto

311 1486 452 1563 ιῖτόκτιος
465 1489 683 1573 θορυβοῦντες.
734 1493 876 1551 σκοπεῖτε
895 1484 976 1569 γὰρ,
1000 1484 1045 1559 εἰς
1059 1476 1135 1547 όσον
1154 1476 1263 1560 όνοόας
1282 1476 1405 1566 η’λόσα-
1480 1499 1486 1511 ·

310 1610 347 1653 τε
373 1590 456 1653 νυνί.
505 1590 628 1672 πρῶτον
652 1588 712 1668 μὲν
738 1583 800 1670 γὰρ
830 1587 864 1651 ἐν
883 1586 1055 1668 βασιλείοις
1075 1585 1222 1667 φανερῶς
1242 1582 1403 1646 dsuetum

309 1689 500 1770 βασιλεῦσι·
546 1686 693 1769 δεύτερον
714 1688 753 1768 δ’,
774 1678 824 1748 ότι
843 1681 1026 1769 πατριόρχῃ
1060 1680 1277 1765 όιηνόχθητε,
1309 1682 1402 1767 κοινῷ

296 1784 435 1849 ’πόντων
467 1777 536 1847 όντι
565 1788 664 1867 nacor*
692 1784 891 1869 πνευματικόν1
920 1782 977 1844 καῖ
1002 1776 1139 1861 μάλιστα
1155 1782 1272 1863 πολλῆς
1293 1780 1402 1854 uideris

309 1882 386 1970 ἄξι’ρι
399 1880 456 1946 καῖ
468 1886 570 1965 τιμῆς,
583 1883 687 1968 πολλρῖ
707 1882 801 1945 πλέον
819 1872 841 1964 ἢ
862 1876 892 1943 οἱ
904 1881 1061 1961 σαρκικοός
1073 1878 1292 1963 γεγεννηκότες.
1333 1869 1441 1961 τρῖ-15

307 2003 363 2045 τον
394 1983 442 2062 d',
462 1974 514 2044 ότι
543 1980 597 2043 καῖ
618 1979 697 2063 ὑπὲρ
717 1978 858 2063 μεγάλου
880 1979 1065 2058 δομεστῖκου
1090 1979 1187 2059 δῆθεν
1207 1971 1401 2059 ἐποιήσασθε

308 2076 385 2154 reric
404 2078 540 2163 λόγους,
570 2076 642 2161 τόγε
666 2080 712 2153 εἰς
732 2076 818 2159 ὑμᾶς
837 2069 910 2161 ἧκον
931 2073 1166 2150 α’ποόεικνόντες
1196 2072 1251 2138 troi
1280 2075 1403 2141 τούτων

275 2182 366 2261 Βτῆς
393 2180 468 2263 παρ’
497 2177 588 2257 όμαῖν
616 2172 717 2241 αότόν
745 2174 892 2259 δεόμενον
920 2177 1104 2258 ἐπικουρίας
1131 2176 1177 2251 εἰς
1203 2172 1241 2237 τό
1269 2183 1400 2256 τυχεῖν,

308 2275 343 2341 εἴ
357 2298 441 2351 τινος
471 2278 572 2339 δέοιτο
602 2277 679 2357 παρ’
701 2270 802 2360 ἡμῶν.
848 2277 939 2341 rorico
967 2276 997 2336 δ’
1016 2267 1063 2337 ότι
1082 2276 1146 2337 ταῖν
1166 2265 1399 2354 ότοιιωτότονν,

308 2372 368 2457 οὐχ
395 2369 532 2460 ἑτέροις,
563 2372 631 2439 ἀλλ’
651 2372 725 2455 ὑμῖν
745 2373 855 2449 αότοῖς
874 2376 1041 2460 χρήσασθε
1061 2372 1247 2456 διαιτηταῖς.
1281 2371 1321 2435 ori
1333 2368 1439 2456 yoipro

301 2471 365 2540 νῦν
378 2471 492 2556 μόνον,
513 2467 565 2537 ὅτε
583 2477 628 2549 εἰς
648 2469 744 2539 αότόν
764 2469 908 2560 περιήκει
922 2473 985 2536 τόν
1003 2467 1086 2534 itm
1107 2465 1128 2554 ἦ
1144 2474 1290 2556 φρονεῖς,
1314 2465 1396 2536 ἄλλό

306 2572 362 2637 καί
386 2574 543 2656 βασιλέως
573 2575 702 2653 ζῶντος,
733 2571 824 2654 όμοόν
844 2570 990 2636 όιιόντιον
1018 2560 1112 2646 οὗτος
1141 2571 1330 2655 προΐστατο,
1361 2572 1399 2638 ἕν

375 2729 400 2784 5.
417 2726 572 2802 παράσχου
588 2727 615 2780 P.
696 2744 736 2781 ru.
753 2726 786 2784 ἐν
802 2743 858 2782 om.
876 2725 904 2778 P.
961 2727 999 2780 15.
1017 2725 1203 2795 γεγενγκότες
1219 2726 1246 2777 Ρ.
1314 2796 1315 2801 ¹

305 2885 349 2924 rue
375 2871 453 2926 litum
475 2887 536 2924 moa
558 2871 730 2940 potissimum
753 2885 834 2923 crosa
859 2879 979 2923 exortam
1005 2869 1087 2922 iaciie
1110 2871 1318 2940 dirempturum.
1355 2871 1397 2924 Te

305 2951 397 2994 sutem
418 2956 534 3006 moneo,
561 2950 592 2993 ut
617 2941 773 3010 superbiero
803 2943 884 2994 istam
911 2941 1026 2994 inuitum
1053 2957 1088 2993 ue
1112 2943 1272 3012 relinquor,
1300 2957 1396 2994 rerum

304 3014 448 3065 accersitos
467 3020 580 3084 propter
596 3011 707 3080 linguae
724 3011 928 3080 protervitatem
949 3010 1106 3078 obiurgites.
1141 3013 1282 3064 Monerem
1301 3016 1396 3075 etism,

305 3089 337 3136 ut
363 3090 390 3133 te
416 3082 562 3136 admodum
587 3081 641 3134 iliis
668 3083 763 3134 iratum
790 3080 966 3146 ostenderes,
993 3081 1048 3134 nisi
1075 3081 1152 3136 brevi
1178 3081 1244 3133 hinc
1267 3081 1397 3151 pluribus

304 3167 398 3205 eorum
418 3157 510 3207 ascitis
533 3155 701 3206 discessurus
722 3169 816 3204 essem.
861 3151 964 3204 idcirco
983 3151 1032 3203 ubi
1052 3159 1184 3222 quantum
1202 3151 1266 3204 sutis
1285 3161 1327 3203 est
1345 3168 1395 3204 eos

305 3225 491 3291 castigareris,
518 3232 625 3275 esusats
641 3223 820 3292 profectionis
837 3237 914 3276 meae
932 3225 1139 3285 necessitatem,
1162 3225 1242 3274 venis
1260 3220 1324 3275 iilos
1342 3225 1397 3274 im·

302 3293 416 3360 pertito.
452 3297 574 3364 Augusta
599 3293 889 3356 mouendarum,
915 3295 987 3344 viros
1013 3292 1077 3344 illos
1102 3293 1231 3360 accersit3
1256 3291 1396 3345 inscitiam

306 3361 473 3428 exprobrat,
501 3367 575 3430 quod
595 3365 667 3415 inter
685 3364 757 3430 leger
775 3366 860 3432 regies
881 3363 988 3416 educati
1006 3365 1082 3415 etin
1100 3363 1134 3415 iis
1160 3379 1175 3414 ιι
1202 3363 1304 3416 teneris
1332 3379 1395 3416 ver-

304 3434 374 3491 sati,
398 3429 486 3483 nihilo
506 3440 596 3485 umen
616 3433 738 3486 berbsrir
756 3450 818 3502 rege
837 3435 991 3486 carentibus
1012 3440 1182 3501 praestarent
1204 3440 1234 3484 et
1256 3431 1396 3503 quidquid

304 3499 358 3550 sibi
385 3501 557 3566 obstitisset,
597 3505 690 3555 stetim
716 3505 811 3558 turbas
842 3523 873 3556 sc
898 3506 1047 3557 tumultum
1072 3505 1185 3556 cierent
1228 3503 1395 3572 perpendite

305 3571 395 3634 enim,
425 3573 534 3642 inquit,
566 3587 620 3642 quo
647 3591 720 3627 nuno
744 3576 880 3627 ementire
905 3573 1071 3645 prodieritis.
1116 3573 1234 3625 Primum
1265 3573 1338 3625 enim
1362 3574 1395 3629 iu

308 3640 368 3710 ipso
394 3643 496 3709 palutio
521 3644 731 3710 imperatoribus
755 3656 849 3716 operto
874 3647 1051 3714 repugnastis.
1086 3642 1195 3696 Deinde
1218 3660 1279 3695 cum
1306 3645 1395 3727 patri-

306 3709 387 3762 urcha
410 3714 545 3764 corumuni
564 3715 684 3766 omniurn
709 3725 787 3785 putre
812 3717 948 3786 spirituaii
966 3723 995 3766 et
1020 3713 1095 3766 omui
1113 3715 1266 3765 reverentis
1285 3713 1392 3780 diguis-

304 3781 391 3844 simo,
408 3785 492 3852 magis
511 3801 590 3856 quom
609 3788 656 3854 qui
678 3801 727 3854 per
741 3803 883 3856 corporum
902 3785 1122 3839 coniunctionem
1143 3799 1193 3836 nor
1212 3793 1394 3852 generarunt,

308 3852 429 3902 altercati
450 3855 521 3904 estis.
559 3854 695 3908 Postremo
717 3859 798 3908 etium
814 3873 862 3924 pro
882 3873 977 3922 magno
997 3854 1146 3906 domestico
1164 3855 1293 3907 videlicet
1309 3853 1395 3907 verbs

305 3920 426 3986 iecistis3
446 3923 521 3991 quod
541 3925 640 3975 advos
660 3926 773 3989 attinet,
799 3927 946 3987 docentes,
970 3942 1032 3978 eum
1057 3933 1143 3974 vestre
1169 3925 1292 3994 indigere
1316 3939 1391 3991 ope,

305 3993 329 4042 si
349 4009 401 4062 qun
422 3993 469 4058 ilii
490 4011 518 4045 re
542 4012 557 4045 o
579 3995 659 4048 nobis
684 4011 751 4063 opus
778 3997 821 4048 sit
858 3995 917 4045 Hoc
940 4003 1031 4046 autem
1057 3991 1282 4047 absurdissimum
1312 4009 1393 4056 esse,

303 4077 360 4112 non
380 4061 458 4125 otiis,
477 4063 523 4114 sed
543 4065 620 4114 vobis
641 4067 705 4132 ipsis
724 4065 862 4119 iudicibus
882 4066 998 4116 utamini
1014 4064 1088 4116 licet.
1135 4064 1197 4116 Non
1215 4067 1288 4116 enim
1307 4063 1392 4117 modo

294 4131 461 4206 dumtaxat,
489 4135 599 4204 quando
617 4135 650 4185 od
669 4153 730 4186 eum
749 4153 853 4186 summa
878 4153 968 4187 rerum
991 4135 1148 4205 procuratio
1174 4133 1302 4188 devoluta
1331 4143 1390 4186 est:

305 4202 352 4252 sed
372 4211 400 4254 et
418 4203 479 4256 vivo
497 4207 660 4274 imperatore
678 4207 756 4259 vobis
775 4206 903 4258 cornibus
921 4205 967 4259 hic
993 4213 1132 4273 praeerat,
1156 4205 1187 4258 in
1214 4205 1315 4274 quibus
1335 4205 1391 4258 iru-

304 4281 455 4340 peratorem
482 4273 680 4347 requirebatis:
706 4283 824 4329 restrum
849 4285 942 4329 contra
966 4275 1011 4330 illi
1037 4291 1126 4329 nemo.
1168 4274 1260 4346 Quare
1284 4290 1346 4328 cum
1374 4289 1392 4325 e
