3125 4900
374 310 459 410 eid
769 334 1050 399 cnunsenzeur

224 482 564 571 Lerttssoeepdropn
584 486 716 565 πέμψας
735 473 793 565 ἦν,
826 476 913 565 ἥκειν
937 462 999 563 τήν
1015 482 1167 561 ταχίστην
1189 472 1452 558 ἀπαγγέλλοντας,

371 585 415 663 ὑς
427 590 490 651 ταῖν
502 586 601 648 έιιεῖσε
614 580 739 647 πάντων
760 578 823 644 rino*
841 575 1117 663 πρωτοστράτορος
1133 576 1234 649 καλιάς
1248 576 1451 663 διῳκημένων.

371 682 474 751 έδάκει
487 685 546 765 μὲν
562 676 620 746 οδν
635 679 691 744 καί
708 685 846 761 βασιλεῖ,
866 676 910 760 μη
931 680 1057 759 μέλλειν
1079 678 1162 751 δεῖν,
1185 671 1266 737 ἀλλὰ
1286 670 1365 757 πρὸς
1377 672 1455 735 Θεσ-

372 784 537 867 σαλονιλιην
556 784 738 863 ἐπείγεσθαι
757 771 857 844 οὑσαν
878 775 1060 859 ἀναγκαίαν.
1102 774 1165 838 ταῖν
1185 770 1264 857 πρὸς
1282 770 1339 857 την
1358 792 1455 851 τειχο-

372 886 494 969 μαχίαν
526 883 562 946 δέ
588 878 712 945 πάντων
742 870 803 963 ἤδη
826 876 1144 963 παρεσκευασμένων,
1172 872 1311 937 ἐκέλευεν
1340 872 1384 945 εἰς
1402 866 1473 953 τηνό

370 980 537 1065 ὑστεραίαν
568 972 636 1058 ἅμα
667 978 756 1061 πρωῒ
783 980 845 1041 τῶν
873 974 987 1056 τειχιὺν
1008 971 1342 1058 άποπειρασαμένους,
1367 970 1397 1031 εἰ
1413 966 1453 1050 μη

336 1080 520 1149 Ιλδάναιντο
540 1074 829 1160 παραστήσασθαι,
861 1076 899 1161 τῇ
929 1075 997 1153 μετ’
1022 1068 1121 1154 αδείγν
1149 1070 1203 1154 τῆς
1235 1070 1280 1143 εἰς
1301 1068 1457 1133 Θεσσαλο-

372 1180 460 1262 νίκην
479 1175 612 1259 ἔχεσθαι
635 1170 802 1261 φερούσης.
844 1170 927 1236 οὑτω
947 1174 1006 1252 μὲν
1033 1160 1089 1233 οὑν
1109 1168 1271 1241 ,έδέδοκτα
1310 1166 1368 1230 κατ’
1393 1160 1456 1245 ἅμα

371 1279 460 1362 πρωλΙ
476 1277 508 1351 ές
526 1272 583 1358 τὴν
602 1274 771 1358 ὑστεραίαν
794 1270 1004 1351 ὁπλισάμενοι
1014 1320 1023 1349 ,
1046 1270 1240 1353 προσέβαλον
1261 1273 1324 1339 τοῖς
1342 1265 1457 1345 τείχεσι

373 1372 579 1460 προσάγοντες
599 1374 654 1447 τάς
674 1370 832 1457 μηχανάς.
872 1368 925 1434 διά
951 1372 1051 1453 πάσης
1072 1369 1107 1431 δέ
1129 1364 1247 1450 ἡμέρας
1276 1365 1330 1447 τῆς
1358 1384 1492 1445 τειχο-ιο

373 1474 495 1557 μαχίας
514 1469 754 1559 καρτερωτάτης
773 1471 994 1553 γεγενημένης,
1025 1469 1141 1553 μικροῦ
1156 1468 1214 1546 μέν
1234 1465 1362 1545 έδέησεν
1382 1461 1459 1525 ἁλῶ·

373 1598 452 1654 ναι,
473 1576 538 1637 τῶν
557 1596 591 1637 τε
611 1568 771 1652 κλιμάκων
792 1570 1077 1653 προσερεισθεισιδν
1097 1572 1162 1640 τοῖς
1187 1566 1307 1645 τείχεσι
1330 1562 1388 1624 καί
1404 1584 1460 1642 μη·

376 1667 556 1756 χανὴματὺς
576 1692 660 1745 τινος
681 1670 734 1733 έπδ
761 1669 885 1751 τροχοῖν
912 1662 1052 1751 χελιάνης
1080 1663 1399 1749 προσαγορευομένου.
1441 1660 1460 1743 ἦ

375 1770 434 1847 νὺξ
455 1772 490 1835 δὲ
511 1767 626 1835 αάτίκα
647 1770 848 1851 ἐπιγενομένη
879 1764 1047 1830 διεκώλυσε
1069 1762 1126 1849 την
1146 1760 1273 1827 ἅλωσιν.
1315 1758 1345 1825 οἱ
1378 1766 1462 1825 πολι·

378 1865 620 1953 ορκοάμενοιιδέ
641 1866 820 1944 λεάναντες,
837 1862 881 1948 μη
903 1866 948 1941 εἰς
967 1862 1026 1947 την
1047 1862 1218 1947 ὑστεραίαν
1238 1854 1334 1936 αὖθις
1358 1858 1495 1942 μάχηςι5

376 1963 476 2032 άλοῖσι
495 1969 659 2049 γενομένης
666 2015 676 2045 ,
697 1960 926 2046 ἐβουλεύσαντο
941 1962 1051 2049 νυκτδς
1071 1964 1190 2037 πίστεις
1210 1956 1357 2041 λαβόντες
1378 1956 1461 2043 παρά

377 2066 551 2149 βασιλέως,
584 2060 733 2151 ὑμολογίρ
760 2059 815 2147 τη“ν
844 2062 937 2127 πάλιν
958 2064 1169 2148 παραδοῦναι.
1211 2061 1267 2124 καί
1286 2053 1356 2141 ἅμα
1385 2058 1466 2143 πρωλΙ

379 2165 414 2228 έκ
432 2164 495 2229 τῶν
514 2164 628 2244 τειχῶν
648 2170 715 2236 τοίς
734 2162 780 2235 εἷς
798 2155 832 2225 τδ
855 2160 1068 2245 στρατόπεδον
1088 2160 1230 2225 έκέλευον
1257 2158 1388 2242 μηνὺειν
1407 2160 1463 2239 βα-

287 2265 482 2349 Ρηεεσιλεϊ,
510 2261 541 2324 εἰ
568 2258 714 2340 βοάλοιτο
740 2258 795 2325 tut
814 2252 972 2343 συμβάσει
991 2257 1046 2345 την
1073 2253 1165 2321 πάλιν
1195 2253 1459 2340 παραλαμβάνειν.

378 2359 480 2443 ἡδέως
501 2359 537 2423 δέ
557 2359 714 2440 βασιλέως
732 2356 789 2423 τδν
808 2356 899 2442 λόγον
922 2358 1091 2440 δεξαμένου
1107 2352 1163 2421 καδ
1181 2350 1359 2431 κελεύοντος
1383 2348 1497 2439 ἦκειντο

380 2454 460 2542 πρδς
480 2454 596 2539 αὑτὸν,
617 2453 781 2543 εὑςπάντα
804 2453 973 2542 πράξοντας
1007 2459 1114 2532 αὑτοῖς
1143 2451 1181 2520 τά
1209 2453 1289 2520 κατὰ
1319 2452 1462 2538 γνιάμην,

381 2548 456 2641 ἧκον
475 2559 534 2622 τοῦ
550 2579 584 2621 τε
603 2557 705 2641 δήμου
725 2555 782 2622 καί
801 2558 862 2622 τῶν
881 2557 957 2640 παρ’
978 2549 1088 2632 αὑτοῖς
1116 2555 1256 2619 δυνατῶν
1286 2547 1387 2636 ὀλίγοι
1415 2551 1465 2615 κατ’

381 2659 446 2720 τῶν
467 2657 513 2745 τιβ
532 2651 635 2744 κλήρῳ
655 2656 710 2738 τῆς
731 2649 806 2740 παρ’
834 2649 939 2729 αὑτοῖς
960 2655 1123 2736 ἐκκλησίας
1145 2650 1399 2734 κατειλεγμένων.
1419 2651 1463 2712 αι’-

380 2758 451 2828 τίας
473 2755 509 2817 δέ
532 2747 635 2838 οἵσπερ
657 2751 847 2828 α’πολὺοντες
875 2748 1007 2828 ἑαυτοὺς
1030 2753 1085 2818 έπδ
1102 2754 1147 2840 τῷ
1166 2746 1248 2815 ὅπλα
1276 2753 1465 2835 κεκινηκέναι

382 2848 461 2937 πρὸς
482 2846 599 2933 αὑτδν,
633 2848 668 2915 τὸ
689 2853 759 2915 δέον
788 2849 911 2938 ἔφασαν
932 2854 1143 2938 πεποιηκέναι.
1184 2849 1385 2934 ὀμωμοκέναι
1404 2847 1497 2934 γάρηό

380 3143 478 3197 entes,
504 3133 611 3189 veniret
628 3149 711 3204 quern
728 3135 902 3198 maturrime,
929 3136 1020 3187 omnis
1047 3151 1063 3186 s
1083 3141 1286 3257 protostratore
1313 3135 1372 3188 into
1398 3133 1465 3186 bene

383 3205 574 3259 admtntsrrart.
609 3205 651 3259 Ne
668 3204 817 3275 imperaror
834 3205 946 3276 quidem
964 3213 1081 3260 eunetsn
1102 3223 1156 3269 um,
1173 3205 1221 3258 sed
1237 3204 1465 3262 Thessalonicam,

383 3285 415 3328 ut
431 3275 468 3326 nd
485 3275 582 3328 urbem
599 3275 712 3327 maximi
733 3277 884 3339 momenti,
902 3269 1089 3328 festinandum
1108 3277 1203 3344 duxit;
1222 3283 1250 3328 et
1268 3274 1394 3328 omnibus
1415 3274 1466 3324 ism

384 3345 421 3396 sd
439 3348 549 3398 moenis
564 3345 727 3399 Peritbeorii
745 3346 926 3416 oppugnanda
945 3347 1091 3410 confectis,
1112 3346 1266 3419 praecepit,
1287 3347 1320 3398 iis
1337 3345 1466 3414 postridie

384 3415 431 3468 die
449 3415 624 3468 illucescente
643 3417 772 3479 tentetis,
790 3417 813 3468 si
826 3425 938 3470 conatus
956 3433 1011 3470 non
1025 3415 1218 3488 responderet,
1237 3416 1281 3468 die
1296 3418 1378 3467 tertio
1398 3415 1465 3466 virm

384 3501 476 3538 versus
503 3484 725 3538 Thessalonicam
753 3486 895 3555 arriperet.
929 3487 974 3538 Sic
998 3487 1114 3542 censuit.
1149 3487 1201 3538 Die
1224 3495 1335 3548 exos-to,
1362 3501 1466 3546 nruros,

384 3554 500 3608 sdnsotis
514 3556 597 3606 etiarn
616 3556 884 3619 machinationibnr,
902 3556 1050 3624 invadunt3
1069 3573 1137 3628 ques
1157 3573 1217 3608 curn
1236 3565 1295 3608 toto
1314 3555 1361 3608 die
1378 3571 1465 3624 oppu-

385 3630 512 3694 gnassent
535 3627 682 3688 acerrime,
708 3642 804 3694 parurn
829 3627 934 3691 abfuit,
958 3630 1025 3699 quin
1049 3643 1095 3680 eos
1122 3635 1180 3680 acra
1203 3629 1257 3680 iem
1281 3625 1421 3679 testudine
1441 3631 1466 3676 et

384 3697 465 3747 sestis
483 3693 623 3764 applicitis
641 3694 871 3764 conscenderent3
889 3697 937 3750 sed
954 3699 1042 3750 noetis
1060 3699 1228 3750 interventus
1245 3713 1299 3749 rern
1317 3695 1467 3767 impedivit,

386 3762 500 3817 Obsessi
519 3773 688 3828 metuentes,
725 3781 761 3818 ne
779 3767 826 3820 die
850 3771 978 3838 sequenti
1001 3785 1090 3838 pugne
1115 3769 1263 3821 instaurate
1289 3773 1465 3836 cuperentur,

382 3841 466 3885 noctu
483 3833 647 3900 decernunt,
670 3834 724 3888 fide
741 3834 776 3889 eb
800 3837 962 3906 imperatore
984 3845 1104 3908 accepts,
1128 3836 1224 3890 urbem
1244 3837 1352 3894 dedere.
1387 3837 1466 3888 Mane

384 3902 420 3954 de
438 3904 581 3956 moenibus
607 3907 751 3959 clamorem
769 3908 799 3959 in
818 3915 901 3960 esstrs
924 3908 1034 3970 dentes,
1066 3907 1223 3978 imperatori
1247 3907 1399 3959 renuntiari
1423 3909 1466 3956 iu·

383 3971 470 4036 bent,
493 3975 517 4056 st
539 3975 627 4041 selit,'
640 3993 674 4030 ex
690 3985 769 4046 pacto
789 3987 921 4030 convento
942 3981 1079 4032 civitatens
1098 3979 1223 4048 accipiat
1260 3979 1311 4030 ΙΙΙε
1329 3977 1383 4030 hoe
1397 3993 1465 4028 nun-

384 4046 426 4095 tio
448 4058 568 4110 peresus,
592 4061 639 4097 eos
664 4057 772 4109 evocet,
795 4048 930 4100 facturum
958 4065 1001 4110 se,
1023 4065 1094 4119 quae
1113 4057 1226 4116 optent,
1245 4049 1346 4105 omnin.
1385 4045 1465 4098 Veni-

387 4121 439 4166 unt
455 4113 490 4166 de
507 4114 589 4182 plebe
609 4124 638 4168 et
651 4117 830 4187 optirnstibus
847 4120 945 4188 pauci,
976 4119 1009 4170 de
1029 4121 1100 4170 ciero
1123 4121 1190 4172 item
1208 4119 1342 4170 nonnulli.
1380 4118 1466 4184 Atque

387 4191 464 4236 utre
481 4195 628 4255 purgarent
650 4187 866 4257 quodammodo,
892 4189 972 4240 aliter
996 4205 1023 4240 se
1050 4187 1138 4241 fecere
1166 4191 1303 4258 nequiisse
1325 4187 1466 4240 dixerunt:

386 4262 533 4327 propteres
547 4257 622 4328 quod
636 4259 792 4328 nuperrime
812 4267 978 4315 recremento
997 4267 1128 4331 concepto
1148 4259 1358 4332 spoponderint,
1377 4273 1406 4311 se
1419 4257 1468 4307 im·
