3125 4900
432 330 718 438 nrsroarlaurs
748 338 805 397 ιιι.
826 338 880 407 15.
1162 334 1217 423 97

135 491 192 556 τοῦ
215 490 362 573 Χριστοῦ
396 484 451 549 καί
469 483 543 561 τοῦς
570 510 606 550 τε
627 486 757 572 άφανιὸς
778 491 1029 573 προηγουμένους
1047 492 1103 553 καί
1122 496 1289 573 napa-id.
1302 468 1368 570 riti

135 592 297 671 πομὲνους
342 587 489 669 α’γγέλους
518 588 573 649 καί
600 583 676 661 τοῦς
705 588 862 670 αἰσθητάς
888 586 943 651 καί
972 591 1116 673 φανερῶς
1147 588 1222 672 ἡμῖν

135 686 215 771 πρός
247 684 318 769 τὴν.
338 688 496 751 διακονίαν
524 678 630 759 αῦτοῖς
658 687 906 771 συναιρομένους
933 684 1036 770 ἱερέας
1063 691 1222 752 τουτουσί.

136 791 198 854 τοῦ
235 782 373 867 μεγάλου
399 785 434 847 di
464 784 647 863 dansatrices
680 783 718 849 τά
749 783 923 869 γράμματα
949 781 1073 865 ἔχοντος
1092 788 1134 870 ,ἐν
1154 793 1223 851 ταῖν

114 880 245 969 ὄχεροῖν
270 886 326 949 καί
352 879 410 965 την
435 887 488 965 τῆς
515 879 694 965 ἱερουργίας
722 885 943 964 περιμένοντος
973 883 1137 966 τελευτὴν,
1169 886 1222 949 ἵνα

136 982 283 1066 α’ναγναῖ,
304 978 399 1045 πάλιν
420 980 437 1045 ὅ
458 980 737 1065 ααρακοιμάμενος
756 982 919 1064 γενόμενος
932 980 1047 1064 ε’γγῦς,
1067 985 1164 1047 ἐδεῖτο
1183 981 1251 1048 adii

135 1086 192 1146 νῦν
214 1078 289 1163 ἔχον
310 1080 508 1163 α’ναγνῶναι,
527 1080 578 1144 ἵνα
598 1073 642 1163 μὴ
668 1082 703 1145 ἐκ
725 1083 788 1145 τῶν
810 1074 912 1165 ὅρκων
931 1084 1026 1161 μόνον
1033 1131 1044 1161 ,
1064 1080 1144 1145 uitii
1168 1082 1226 1147 καὶ

137 1180 192 1243 ἀπ’
212 1180 312 1245 αὐτοῦ
331 1182 388 1244 τοῦ
405 1178 525 1263 χρόνον
549 1178 753 1264 φοβερώτερα
773 1184 827 1244 κατ’
848 1180 1018 1263 πιστότερα
1033 1179 1072 1245 τά
1086 1204 1224 1262 γεγραμ-

139 1280 219 1358 μένα
245 1269 278 1364 ᾗ.
319 1280 392 1343 ε’πεί
420 1279 456 1343 δὲ
487 1276 673 1357 πειθόμενος
704 1278 845 1361 α’νέγνω,
877 1276 945 1342 τότε
962 1282 1023 1359 μὲν
1052 1280 1226 1364 ἐφθέγξατο

101 1376 250 1453 scottis,
281 1370 417 1458 ῦστερον
448 1377 483 1439 δὲ
504 1374 585 1457 μετά
607 1375 665 1459 την
685 1374 811 1458 τελετήν
830 1374 927 1457 μόνον
945 1374 1000 1441 τόν
1018 1378 1225 1462 παρακοιμά-

138 1497 232 1556 μενον
248 1470 460 1557 παραλαβών,
481 1470 560 1556 ,μὴν
577 1475 638 1555 μὲν
657 1476 810 1558 ἐξαρχῆς”
831 1472 893 1559 ἔφη
914 1476 1150 1559 ,μακοιιραγίαν
1161 1527 1170 1557 ,
1202 1466 1225 1562 ᾗ

137 1573 362 1657 προσπαλαίων
381 1572 426 1647 εἰς
445 1576 536 1637 τοῦτο
554 1574 651 1656 τύχης
665 1572 721 1637 καί
733 1574 937 1657 περιφανείας
951 1566 1055 1655 ἤχθης
1071 1568 1223 1654 ὕπ’ἒμοῦ,

136 1668 252 1743 πάντες
271 1671 330 1749 μὲν
351 1672 522 1734 σονειιλοῖεν
545 1662 584 1735 dv
602 1672 675 1751 ἐμοί
690 1670 857 1751 Ῥωμαῖοι·
884 1669 925 1735 οὐ
947 1673 976 1734 δ’
999 1664 1038 1734 άν
1057 1667 1123 1754 εἴης
1145 1669 1224 1734 πάν-

138 1793 202 1853 των
222 1770 342 1848 μᾶλλον
372 1764 542 1851 ἀξιόχρεως
565 1766 771 1835 πιστεύεσθαι
800 1763 925 1853 τάληθῆ
944 1770 998 1832 καί
1021 1769 1128 1832 δίκαια
1152 1770 1226 1851 περὶ

101 1862 283 1933 ιὸσεαυτοῦ
298 1872 534 1951 συμμαρτυρῶν
553 1866 634 1947 ἐμοί.
677 1872 739 1932 suiv
756 1871 816 1949 μὲν
834 1861 891 1931 οὖν
904 1862 1110 1951 ῦπηργμένων
1128 1861 1250 1950 παράρ,
1262 1892 1312 1961 397

138 1988 174 2031 τε
194 1968 257 2031 νοῦν
277 1956 380 2029 ἄλλων
402 1964 563 2048 άρκοῦσαν
590 1964 654 2049 ἔχοι
677 1964 733 2051 την
755 1960 914 2040 ἀπόδειξιν
927 1964 983 2028 καί
995 1964 1130 2047 μάλιστα
1150 1967 1223 2030 σοῦ.

138 2056 185 2129 ais·
219 2066 255 2127 δὲ
292 2060 475 2147 διενοούμην
502 2068 577 2147 περί
607 2064 666 2129 σοῦ
697 2062 852 2145 μειζόνων
875 2062 932 2127 καί
951 2066 1226 2149 θαυμασιωτέραν

139 2160 271 2245 iratos
298 2158 396 2235 αῦτός
428 2184 463 2225 τε
497 2161 628 2228 σύνοιδα
659 2164 787 2250 ἐμαυτῷ
822 2161 878 2226 καί
907 2153 934 2250 ᾧ
961 2160 1000 2225 τά
1032 2163 1088 2245 τῆς
1116 2165 1225 2245 ψυχῆς

61 2259 68 2275 ’
139 2258 270 2325 ἑκάστου
292 2256 448 2343 κινήματα
471 2262 526 2323 καί
554 2261 750 2342 διανοήματα
784 2258 926 2345 φανερά,
945 2256 1028 2334 θεός.
1069 2257 1167 2336 adada
1189 2260 1226 2321 δὲ

98 2361 215 2443 αομιὶθ
244 2356 323 2443 ῦπὲρ
355 2350 399 2421 ὧν
428 2358 576 2433 πολλάκις
604 2358 658 2421 ὑπ’
682 2361 761 2441 ἐμοῦ
780 2362 940 2433 πέπονθας
970 2361 1072 2431 καλῶς
1090 2355 1226 2439 μηδενὸς

139 2459 311 2544 μνησθείς,
331 2457 409 2542 μηθ’
433 2458 475 2533 uic
494 2461 634 2525 τοσαῦτα
655 2457 896 2544 εάεργετηθείς,
920 2458 996 2521 οῦδὲ
1010 2451 1092 2533 άπαξ
1112 2460 1225 2522 πέπον-

83 2603 85 2606 -
143 2565 207 2636 θας
226 2562 353 2639 κακῶς,
383 2555 461 2621 άλλά
485 2559 574 2642 δίκην
596 2561 704 2642 σειράς
723 2579 805 2632 τινος
826 2556 992 2630 άῦιάλοτος
1012 2553 1032 2639 ἦ
1053 2558 1116 2620 τῶν
1135 2553 1226 2639 εὔερ-

140 2655 323 2744 γετημάτιον
344 2657 515 2722 α’κολουθιλι
536 2659 633 2742 μέχρι
655 2661 711 2724 νῦν
733 2660 807 2743 παρ’
827 2657 908 2739 ἐμοῦ
929 2654 1101 2741 διετηρήθη
1113 2704 1125 2737 ,
1161 2650 1227 2720 ἐτέ-

216 2833 443 2900 ὠψωῆ

143 3015 205 3051 cuns
242 3007 356 3053 tremore
383 3001 579 3054 sacrificaretur
603 3017 701 3070 corpus
729 3001 850 3064 Christi,
880 3011 909 3058 et
943 3005 991 3074 qni
1017 3000 1228 3072 inaspectabiles

141 3068 338 3138 praecederent
354 3079 587 3142 sequerenturque
612 3071 739 3138 angelos,
769 3082 797 3123 ct
823 3073 872 3142 qui
895 3091 911 3126 a
937 3074 1017 3125 nobis
1046 3073 1175 3126 videntur
1197 3071 1229 3122 in

142 3141 297 3191 ministerio
324 3157 369 3192 eos
393 3142 550 3193 adiuvantes
578 3142 729 3194 sacerdotes
754 3143 830 3196 istos.
865 3144 963 3209 Magno
990 3158 1054 3194 vero
1078 3142 1228 3192 domestico

142 3209 271 3262 libellum
298 3212 329 3262 in
357 3211 483 3264 manibus
512 3220 623 3264 tenente
657 3229 849 3284 sacrorumque
873 3213 955 3264 tinem
980 3219 1170 3280 exspectante,
1197 3217 1230 3262 ut

142 3279 265 3348 legeret,
284 3279 410 3349 rogabat:
439 3300 493 3352 quo
511 3282 640 3334 nimirum
660 3299 717 3335 non
736 3297 770 3334 cx
789 3285 949 3336 iuramentis
980 3290 1102 3344 tanturn,
1133 3297 1229 3336 veruna

143 3352 227 3402 etiarn
249 3366 282 3400 er
301 3351 358 3418 ipsa
381 3351 539 3404 conditione
558 3353 689 3419 temporis
707 3351 907 3405 venerabiliora
928 3361 957 3406 et
981 3350 1155 3404 credibiliora
1179 3350 1230 3403 fie-

142 3429 219 3480 rent,
239 3437 310 3489 quae
333 3423 433 3490 scripta
453 3423 568 3474 inerant.
604 3421 699 3474 Victus
725 3423 853 3491 precibus
880 3423 948 3492 legit
970 3437 1001 3472 ac
1027 3429 1094 3474 tunc
1116 3421 1230 3491 quidem

143 3490 239 3542 tacuit
275 3491 339 3542 Post
356 3491 516 3543 sacrificium
536 3491 622 3543 solum
646 3491 783 3546 deducens
789 3530 799 3556 ,
818 3493 909 3561 Quam
926 3493 994 3545 dura
1012 3501 1041 3544 et
1059 3507 1152 3561 aspera
1171 3507 1228 3544 sors

142 3566 191 3612 tua
210 3575 225 3608 a
244 3559 381 3629 principio
401 3562 503 3624 inerit,
525 3564 633 3630 inquit,
666 3579 726 3614 cum
744 3581 798 3632 qna
823 3564 987 3624 colluctans,
1014 3564 1082 3614 meis
1101 3561 1229 3628 auspiciis

144 3637 173 3680 ct
190 3646 273 3699 opera
294 3631 323 3680 in
349 3641 402 3683 tarn
424 3633 557 3683 excelsum
584 3633 710 3684 fortunae
727 3635 839 3701 gradum
864 3631 1064 3694 conscendisti,
1087 3646 1168 3684 nemo
1188 3639 1231 3683 est

144 3697 343 3762 Romanorum,
368 3703 415 3770 qui
442 3718 496 3752 nou
514 3703 590 3752 iurta
611 3719 714 3759 mecum
735 3705 856 3765 noverit,
881 3712 909 3756 et
926 3713 956 3755 to
975 3711 1071 3771 utpote
1087 3717 1180 3754 acrurn
1198 3716 1231 3753 aa

143 3769 247 3820 iustum
267 3768 336 3820 mihi
359 3770 448 3822 serens
467 3774 654 3825 testimonium
665 3809 675 3834 ,
704 3774 781 3826 testis
798 3789 856 3825 ease
875 3780 953 3842 potes
972 3775 1095 3824 omniurn
1114 3771 1169 3823 iids
1187 3772 1231 3824 di·

144 3841 298 3908 gnissimus.
338 3839 415 3908 Quae
433 3841 515 3908 igitur
533 3843 562 3894 in
580 3849 607 3894 te
626 3844 697 3896 ultro
716 3844 835 3906 contuli,
853 3858 885 3895 ca
908 3852 937 3897 et
954 3841 989 3894 ab
1007 3843 1068 3893 aliis
1089 3851 1118 3892 ct
1134 3841 1182 3894 aba
1200 3851 1229 3896 tc

143 3911 262 3961 maxime
282 3911 438 3962 confirmata
460 3922 540 3964 sunt:
567 3911 667 3984 quibus
693 3930 756 3966 vero
785 3921 812 3964 te
841 3911 945 3966 allicere
973 3913 1122 3981 cogitabam
1147 3911 1230 3963 bonis

144 3979 345 4042 maioribus-et
363 3979 576 4050 insignioribus,
596 3998 689 4034 eorum
707 3991 735 4034 et
760 3986 820 4050 ipse
837 3981 905 4036 mibi
936 3999 996 4033 sum
1027 3981 1105 4034 testis
1130 3989 1159 4033 et
1185 3982 1230 4033 cui

142 4050 229 4100 animi
256 4049 469 4121 uniuscuiusque
499 4055 634 4106 motiones
665 4062 748 4121 atque
773 4069 853 4104 sensa
874 4053 1019 4105 manifesta
1042 4060 1120 4113 sunt,
1147 4053 1230 4101 Deus.

143 4119 190 4170 Tu
209 4126 301 4170 mosen
318 4127 373 4170 tarn
393 4120 485 4171 multis
512 4123 674 4184 obstrictus,
702 4139 752 4172 nec
777 4125 858 4174 nnius
885 4139 912 4174 es
936 4121 1109 4174 recordatus:
1135 4128 1163 4170 et
1188 4127 1231 4171 tot

141 4188 297 4240 benefactis
315 4205 330 4238 a
349 4205 392 4240 sne
411 4191 574 4254 cumulatus,
590 4209 641 4244 nce
659 4193 743 4243 semel
761 4195 889 4254 offensus,
912 4209 972 4244 cum
991 4209 1040 4259 ego
1062 4192 1138 4240 velut
1154 4197 1230 4238 cate-

141 4274 210 4310 nans
229 4257 363 4326 quandam
383 4263 481 4312 merita
499 4263 603 4315 meritis
621 4263 675 4316 huc
694 4279 780 4333 usque
804 4278 909 4332 semper
926 4260 1094 4321 addiderim,
1119 4267 1150 4310 tu
1166 4257 1229 4309 aliis

185 4358 392 4415 cameasenus
413 4365 450 4419 11.
1016 4379 1030 4430 7
