3125 4900
461 312 744 381 nuuonranou
772 318 831 381 ru.
852 326 905 389 ιο.
1160 292 1240 395 ιλὸ

155 568 294 650 συγχέαι
319 562 397 639 τοός
426 564 500 650 περί
527 565 652 652 εἰρήνης
672 570 794 652 λόγους.
834 574 890 635 καί
911 567 1051 647 α’ναστός
1069 568 1170 645 aalide
1188 574 1248 635 τοῦ

157 666 326 749 συνεδρίου
343 666 400 728 καί
409 667 448 753 τῇ
458 668 548 751 χειρί
557 668 749 744 κατασείσας
760 668 895 753 σιωπήν,
917 672 992 751 πρίν
1004 694 1036 734 τι
1045 664 1246 754 προειπεϊνῆ

152 765 213 851 τη“ν
229 766 344 845 αἰτίαν,
358 766 392 841 ἐξ
411 756 449 850 ἧς
462 766 506 841 είς
517 770 646 833 τοιαῦτα
660 764 796 853 οἵρμητσ,
810 772 1016 854 προσθεῖναι,
1035 768 1151 845 πολλός
1164 768 1247 836 κατό
1257 776 1285 836 P.
1295 776 1347 845 bs

134 858 293 948 fipeyaitoo
307 863 492 945 δομεστίκου
505 860 615 949 dripere
630 863 757 953 διεξῄει,
772 871 921 948 πολέμιον
935 866 1039 932 κοινόν
1052 871 1107 933 καί
1116 862 1247 935 ἄπιστον

154 966 348 1047 βασιλεῦσιν,
365 960 509 1047 όττίορκόν
522 986 555 1027 τε
565 965 620 1028 καί
630 964 828 1047 ψευδόμενον
839 963 883 1041 ὥς
894 964 936 1030 τό
948 965 1048 1032 πολλοὶ
1056 970 1173 1044 καλῶν,
1191 966 1249 1035 καί

154 1069 335 1128 τελευταῖον
350 1064 397 1137 εἰς
410 1058 546 1146 αἰσχρός
569 1064 626 1127 καί
639 1062 866 1149 ἀνελευθέρως
888 1068 1053 1150 κατέληγεν
1072 1066 1248 1148 ἐπιτιμίας.

157 1158 238 1243 ἔχων
252 1162 288 1225 δὲ
301 1163 377 1246 περί
391 1154 490 1225 αι’τόν
507 1158 642 1237 πολλοός
655 1162 772 1243 ὁμοίως
788 1186 825 1227 τε
836 1161 994 1249 δβριστός
1016 1168 1075 1230 καί
1087 1164 1167 1250 πρός
1180 1168 1247 1231 πᾶν

158 1260 321 1335 ἀναιδείας
338 1268 457 1343 χωρεῖν
473 1254 605 1341 ἑτοίμως
619 1264 948 1348 παρεσκευασμένους,
964 1265 1107 1330 ἐκέλευεν
1118 1266 1247 1351 όρεσχε·

121 1363 222 1432 ιολεῖν
233 1356 309 1435 τοός
318 1360 473 1444 πρέσβεις.
495 1358 551 1423 καί
561 1363 620 1424 sori
630 1362 776 1442 μοναχοό
786 1364 847 1443 μὲν
862 1359 1032 1446 ἁπτόμενοι
1044 1368 1191 1449 θρασέως
1203 1361 1247 1446 „si

155 1460 213 1523 τοό
234 1462 503 1542 Καντακονζηνοδ
527 1458 745 1546 πατριάρχης”
766 1457 906 1541 ἐπεβόων
930 1463 1093 1544 „atenac”
1119 1484 1248 1550 χριστο-

154 1561 315 1642 μσαίκτην
325 1556 564 1641 καίδσοκριτὴν
573 1557 629 1623 καί
635 1562 769 1623 τοιαῦτα
780 1552 858 1624 όίττα
869 1558 1030 1644 δεινότερα
1039 1563 1248 1647 τιροσαγορεό·

157 1680 255 1731 οντες.
265 1654 503 1741 Σγουρόιιουλόν
514 1682 550 1721 τε
563 1658 681 1738 ὁμοίως
693 1656 794 1722 πολλὰ
809 1664 1070 1744 τιεριυβριλναντες
1080 1661 1137 1725 καί
1145 1662 1249 1726 λοιδο-

158 1756 342 1839 ρησόμεναι,
362 1751 428 1821 εἶτα
451 1756 665 1841 ἀμφοτέρους,
685 1756 732 1832 εἰς
751 1753 792 1841 ἢν
812 1756 980 1837 ε’ξενίζοντο
995 1761 1105 1840 os'xr'ov,
1129 1754 1249 1845 e’rppoc'b

120 1874 237 1939 15povs
260 1854 436 1941 αἰτροίτους.
478 1856 604 1939 βασιλὶς
623 1859 677 1935 δὲ,
709 1856 773 1921 εἴτε
802 1862 857 1922 κατ’
874 1853 955 1942 orire}
976 1856 1054 1943 πρός
1073 1855 1112 1922 τό
1133 1860 1281 1944 ποτερα-Β

156 1956 256 2037 γειένα
275 1948 375 2037 μηδὲν
395 1950 638 2039 ἀγανακτοῦσα,
660 1954 721 2021 εἴτε
740 1948 805 2042 ἤδη
824 1954 878 2021 καί
898 1956 1100 2023 ἀναστέλλειν
1114 1955 1248 2032 calescis

155 2052 393 2133 στασιαζόντων
421 2053 522 2139 όρμός
551 2050 589 2119 ori
612 2058 793 2140 δυναμένη,
822 2048 933 2141 ἤνεγκε
953 2059 1036 2159 σιγῇ.
1077 2056 1108 2121 οἱ
1128 2060 1165 2121 δὲ
1185 2060 1248 2123 τόν

156 2151 348 2237 πραγμάτων
369 2146 518 2239 ἄρχοντες
538 2158 579 2243 τῇ
598 2156 737 2240 μεγάλου
751 2159 938 2238 δομεστίκου
965 2156 1065 2241 μητρί
1090 2156 1169 2222 κατὰ
1187 2153 1247 2241 τόν

158 2252 259 2318 οἰκίαν
278 2257 432 2342 διαγοόση
453 2248 522 2336 ἅμα
544 2258 587 2344 τῷ
609 2255 723 2344 ε’γγόνιρ
744 2256 933 2343 Ἀνδρονίκῳ
954 2254 1082 2321 πλείονί
1093 2280 1128 2320 τε
1143 2278 1247 2342 φρου-

119 2349 217 2435 ῃορόν
237 2352 386 2437 ἐφίστουν
407 2352 463 2418 καί
482 2353 714 2440 ἀσφαλέστερον
735 2354 879 2439 ἐτήρουν.
923 2359 995 2422 ἐπεί
1016 2358 1052 2421 δὲ
1074 2354 1091 2418 ό
1114 2354 1247 2437 πόλεμος

158 2455 192 2516 ἐν
217 2454 383 2542 Βυζαντίηι
405 2446 465 2539 ἤδη
487 2459 640 2542 λαμπροῖς
662 2455 804 2541 όνὴφθη,
825 2456 926 2522 ἐδόκει
949 2459 1015 2522 δεῖν
1035 2455 1092 2520 καί
1110 2455 1170 2534 τός
1190 2450 1260 2538 ὄλ·-

157 2558 215 2628 λας
241 2549 349 2627 πόλεις
379 2554 434 2617 καί
459 2555 589 2636 μείζους
612 2561 667 2620 καί
686 2552 841 2632 ἐλάσσους
860 2558 1159 2643 προσεταιρίζεσδαι
1178 2577 1248 2622 σει·

154 472 278 533 σασθαι
298 465 479 550 ε’τιιναιρόν,
500 467 544 542 οός
566 471 607 534 δι’
628 472 744 555 ἐκείνης
767 471 973 555 δυνησόμενος
993 472 1173 558 όνατρὸμαι
1185 477 1389 555 saite-stis

231 2723 269 2759 ιι.
281 2705 510 2776 χριστενιέμκτην
527 2705 564 2759 Μ.
583 2721 633 2776 mg.
690 2723 731 2762 os.
752 2693 886 2778 λαμπρός
905 2706 934 2758 Ρ.

159 2839 260 2908 quibus
278 2839 313 2892 de
331 2855 398 2908 pace
416 2853 554 2893 sermones
573 2838 742 2891 confundere
760 2850 845 2912 atque
866 2846 988 2894 evertere
1013 2849 1120 2911 posset,
1145 2855 1246 2912 oppor-

158 2917 226 2962 tonc
253 2925 414 2962 arsurumne
443 2907 617 2962 existimavit
663 2910 697 2961 Et
714 2911 791 2963 illico
810 2913 840 2962 in
861 2929 989 2964 consessu
1014 2927 1126 2982 surgens
1148 2929 1246 2964 mano·

160 2995 215 3050 que
233 2980 374 3034 silentium
393 2979 535 3040 indicens,
552 2981 712 3050 prinsquam
730 2983 902 3050 praeferetur
918 2990 968 3035 out
992 2997 1101 3034 causam
1125 2981 1245 3035 adduce·

158 3059 215 3112 ret,
243 3051 279 3103 ob
303 3066 386 3122 quam
411 3050 466 3102 hnc
489 3049 624 3113 serretur,
648 3051 733 3102 molto
759 3051 887 3105 adversus
915 3069 1041 3122 magnum
1066 3051 1248 3104 domesticum

157 3120 303 3174 meledicta
327 3122 508 3190 congerebat,
537 3137 706 3174 communem
731 3120 856 3184 bostem,
880 3122 1091 3192 imperatoribus
1117 3121 1247 3186 infidum,

156 3191 315 3260 periuram,
334 3189 573 3260 mendaciloquum
593 3192 737 3244 nominans
754 3192 921 3263 tandemque
938 3196 969 3244 in
986 3192 1069 3244 foeda
1094 3197 1123 3242 et
1149 3189 1247 3244 illibe-

157 3263 227 3314 ralia
247 3262 369 3314 convicia
388 3261 524 3314 desinens.
561 3263 595 3312 Et
611 3262 676 3331 quia
695 3263 807 3316 comites
832 3262 969 3327 babebat,
998 3259 1053 3314 sibi
1077 3263 1246 3317 maledicen-

157 3333 195 3384 tia
212 3333 316 3385 similes
331 3340 360 3386 et
379 3330 414 3383 ad
432 3347 540 3384 omnem
558 3333 778 3386 inverecundiam
799 3334 955 3400 proiectos,
972 3333 1119 3402 imperavit
1134 3334 1191 3386 illis
1213 3336 1246 3388 ln

157 3403 262 3472 legatos
282 3409 410 3474 torquere
427 3409 582 3454 scommata.
620 3405 657 3454 dc
681 3406 844 3456 inonachnm
868 3403 980 3473 quidem
1005 3402 1179 3471 impudenter
1203 3405 1246 3456 la·

158 3482 299 3536 terentes,
317 3474 520 3525 acclamabant:
539 3472 584 3524 hic
602 3482 644 3524 est
662 3474 845 3527 Contacuzeni
864 3474 1030 3542 patriarcba,
1048 3475 1147 3527 illusor
1165 3475 1246 3528 Cbri-

156 3545 192 3596 sti
214 3551 244 3596 et
260 3543 422 3612 hypocrita,
454 3552 482 3595 et
500 3543 560 3595 aliis
579 3544 686 3595 demum
702 3544 992 3597 contumeliosioribus
1019 3543 1158 3597 vocabulis
1183 3561 1245 3599 cnm

155 3613 377 3735 proscindebant·
414 3613 596 3684 Sguropulnm
616 3632 725 3684 quoque
743 3618 826 3666 variis
844 3615 951 3684 probris
967 3631 1098 3686 perquam
1111 3617 1246 3670 iniuriosa

186 3685 323 3737 terebant.
366 3683 473 3736 Deinde
498 3685 592 3736 ambos
619 3686 648 3735 in
673 3683 803 3747 nedibus,
822 3685 871 3737 ubi
892 3686 1119 3750 diversabantur,
1141 3690 1178 3739 ita
1198 3705 1247 3740 cu·

158 3755 333 3816 stodieront,
358 3761 390 3804 nt
415 3753 508 3825 egredi
537 3771 669 3826 nusquam
695 3763 815 3825 possent
862 3757 899 3808 bt
924 3758 1101 3826 imperatrix,
1127 3775 1162 3810 au
1180 3759 1247 3842 qula
1316 3801 1320 3810 .

157 3821 256 3876 borum
283 3825 326 3876 illl
347 3825 429 3876 etiam
455 3825 526 3877 nibil
544 3824 671 3886 dolebat,
689 3843 723 3877 an
742 3829 808 3896 quia
834 3827 1026 3879 seditiosorum
1052 3827 1171 3896 impetus
1189 3843 1246 3879 sam

158 3898 308 3964 reprimere
333 3903 361 3946 et
379 3909 503 3946 coercere
525 3914 582 3948 non
600 3905 726 3966 poterat,
745 3897 857 3950 silentio
875 3899 927 3948 ista
945 3898 1058 3950 ferebar.
1095 3899 1246 3951 riu-bootes

161 3980 208 4016 seu
236 3965 371 4036 primores
398 3966 456 4028 illi,
480 3967 511 4016 iu
541 3983 656 4038 quorum
679 3967 805 4020 manibus
830 3967 883 4018 iam
905 3977 965 4021 erat
984 3986 1026 4020 res
1044 3969 1170 4036 publica,
1188 3983 1246 4020 ma·

160 4041 230 4086 trem
250 4035 342 4106 magni
365 4035 508 4089 domestici
528 4054 587 4089 cum
606 4045 707 4104 nepotc
725 4038 879 4090 Andronico
898 4037 973 4090 domi
991 4040 1139 4099 inclusam,
1165 4045 1246 4089 nocta

160 4105 301 4169 custodia,
323 4107 409 4158 tutius
430 4105 581 4161 servabant.
620 4107 672 4160 Ubi
691 4109 759 4160 belli
780 4110 887 4160 flamma
906 4111 1029 4176 Byzantii
1048 4110 1104 4160 iarn
1123 4108 1247 4169 emicuit,

160 4175 228 4228 alias
246 4193 358 4300 ηιιοηιιε
378 4177 477 4241 urbes,
497 4181 611 4230 maiores
631 4172 823 4250 minoresque,
841 4179 876 4231 ad
895 4179 953 4230 eius
974 4180 1131 4231 societatem
1151 4176 1246 4229 dedita

157 4259 242 4316 opera
260 4255 302 4302 tra
322 4263 402 4302 ocare
420 4254 547 4320 oportere
567 4247 719 4304 iudicatum
739 4257 787 4304 eat
809 4252 878 4320 Ergo
895 4251 930 4303 ad
944 4265 1036 4302 ornnes
1053 4248 1245 4320 imperatoriae
