3125 4900
476 304 760 373 ιιιετοιιιιιιοιι
790 308 845 367 ιιι.
886 307 937 373 ιι.
1160 256 1240 383 139

156 462 311 545 βασιλίδι.
361 462 417 525 καί
437 455 619 545 πατριδρχη
640 455 697 521 καί
713 464 777 530 τοῖς
804 447 910 529 ἄλλοις
930 451 1074 537 φανεριδς
1093 471 1243 515 συντετα-
1251 441 1385 512 kil-¹34¹

156 564 287 645 γμένος,
321 558 359 626 τό
386 582 423 641 γε
444 560 488 633 είς
510 554 608 623 αὐτὸν
627 547 703 641 ἧκον
724 554 818 619 ου’δέν
836 547 948 635 η’μέλει
966 552 1029 615 τῶν
1047 546 1127 613 κατὰ
1145 545 1244 631 μεγέ-
1281 628 1285 637 ¹

157 666 216 725 λου
241 662 433 741 δομεστίκου
454 659 687 742 πραττομένων.
728 650 803 719 ileo
822 655 878 717 καί
895 653 950 737 τῆς
970 652 1016 727 είς
1029 649 1180 733 βασιλίδα
1190 649 1245 709 ια’-

157 762 247 835 νοίας
269 752 392 839 ἆθλον,
424 754 461 823 τὸ
482 757 744 841 πρωτοσεβαστοῦ
764 746 889 833 ἀξίωμα
911 751 1052 836 εἰλήφει,
1082 743 1185 834 χρόνῳ
1207 748 1244 811 δέ

135 855 293 944 ὄδστερον
320 862 376 923 καί
401 854 438 922 τὸ
466 855 604 939 μεγάλου
634 856 810 936 λογοδέτου.
854 847 1039 937 Νικηφόρος
1058 850 1094 915 δέ
1115 842 1132 913 ὅ
1154 850 1244 913 Καν-

156 956 348 1041 τακοοζηνδς
368 957 403 1023 έν
424 956 624 1042 δεσμωτηρίῳ
648 954 874 1017 κατακλείεται.

241 1081 289 1139 κγ.
334 1054 373 1121 Οἱ
401 1052 542 1141 φυγάδες
569 1056 674 1133 μέντοι
694 1075 728 1135 γε
749 1055 880 1131 έκεῖνοι,
910 1046 981 1113 ἐπεὶ
995 1050 1058 1113 τῶν
1077 1047 1273 1131 πρέσβεωνῐ)

158 1153 214 1220 τδν
239 1158 297 1236 μέν
322 1151 477 1219 ἐπύθοντο
498 1150 671 1236 εἰργμένον,
693 1154 724 1215 Γ
722 1152 844 1231 αβαλᾶν
863 1151 899 1213 δέ
919 1156 984 1222 τοῖς
1003 1145 1129 1232 μεγάλην
1150 1146 1261 1227 δομε-.

159 1254 253 1340 στίκηι
273 1255 446 1333 πολεμοῦσι
459 1253 705 1335 συντεταγμένον
721 1250 876 1336 φανερῶς,
898 1242 1082 1329 οἷπογνόντες
1093 1242 1148 1327 τη“ν
1164 1242 1244 1306 ε’ποὶ-

121 1354 259 1433 mentior,
280 1354 325 1427 εἰς
344 1349 573 1433 Διδυμότειχον
594 1348 681 1435 παρὰ
695 1347 749 1416 τδν
762 1352 863 1431 μέγαν
878 1348 1059 1428 δομέστικον
1072 1345 1243 1431 α’φικνοῦν-

159 1478 212 1518 ται
231 1454 287 1517 καί
312 1450 351 1516 τὰ
379 1454 567 1537 γεγενημένα
588 1446 688 1515 πάντα
710 1452 940 1532 ἀπαγγέλλουσι
959 1449 1016 1511 καί
1033 1442 1089 1510 τδν
1107 1444 1243 1525 πόλεμον
1251 1462 1278 1513 Ρ.
1287 1459 1335 1529 λιι

158 1548 213 1617 τδν
241 1550 439 1635 κεκινημένον
466 1548 545 1635 πρὸς
577 1550 682 1615 adeda.
724 1549 741 1612 δ
773 1550 809 1613 δὲ
828 1543 989 1611 πιστεύειν
1009 1544 1066 1607 orire
1094 1538 1247 1627 ἠβούλετο

161 1647 218 1715 διδ
238 1651 304 1715 τῶν
326 1648 607 1732 εἰσαγγελλομένων
626 1648 684 1731 την
705 1650 848 1711 α’τοπίαν.
893 1645 962 1709 ἀλλ’
983 1636 1060 1731 ᾤετο
1081 1642 1198 1715 αὐτούς
1215 1668 1249 1707 τι

162 1750 308 1831 βασιλίδι
335 1746 619 1833 προσκεκρουκότας
654 1750 843 1834 διαδρᾶναι,
876 1747 1043 1818 δείσαντας
1062 1740 1119 1807 τὸν
1141 1740 1250 1808 κίνδο-

125 1858 231 1930 ι5ναν,
249 1853 304 1912 καί
321 1849 570 1933 συνηγοροῦντος
590 1840 732 1923 ἑαυτοῖς,
753 1849 886 1909 τοιαῦτα
905 1842 1068 1924 βασιλίδος
1088 1837 1249 1921 καταφεύ-

164 1950 290 2013 rectae
328 1950 410 2031 μηδὲ
430 1946 491 2032 γὰρ
513 1939 551 2011 ἄν
571 1970 645 2011 ποτε
665 1944 785 2030 ἐκείνην
803 1946 838 2009 έν
857 1940 995 2031 τοσοδτιρ
1013 1939 1121 2028 χρόνηι
1141 1938 1251 2004 τοιαδ-

161 2072 221 2132 την
249 2048 427 2131 ὑποστῆναι
446 2044 501 2131 την
518 2042 707 2129 μεταβολήν.
755 2038 829 2108 ὅθεν
849 2042 904 2107 καί
922 2044 1083 2121 διενοεῖτο,
1103 2037 1176 2115 τους
1189 2042 1253 2121 μὲν

163 2146 313 2233 φυγάδας
340 2140 437 2222 αδθτς
466 2148 510 2221 είς
532 2142 704 2225 Βυζάντιον
734 2148 791 2209 καί
808 2134 940 2217 ἄκοντας
959 2142 1128 2221 ἐκπέμπειν
1135 2188 1145 2219 ,
1172 2136 1207 2201 εἴ
1219 2163 1253 2203 τι

163 2244 305 2327 βασιλίδι
324 2243 612 2329 προοκεκροδκαοι,
648 2245 737 2317 δίκας
757 2239 934 2327 ὑφέξοντας
954 2239 1057 2316 ἀξίας.
1098 2234 1195 2312 αδτδς
1215 2238 1253 2301 dd

125 2340 243 2427 ‚oupdg
273 2340 332 2426 τὴν
360 2345 405 2417 είς
424 2340 483 2427 τὴν
503 2336 640 2427 ἑσπέραν
657 2344 857 2428 ἐκστρατείαν
877 2333 939 2424 ἤδη
959 2340 1253 2423 παρεσκευασμένος

165 2436 224 2525 uir,
246 2438 377 2523 ἔμελλεν
396 2440 489 2529 ἔργον
520 2433 582 2528 ἤδη
603 2439 747 2525 ἔχεσθαι.
788 2440 832 2517 nic
852 2442 888 2506 δὲ
907 2437 989 2521 μετὰ
1008 2442 1086 2520 μίαν
1106 2440 1162 2502 καί
1181 2439 1253 2501 δευ-

164 2543 259 2625 τέραν
287 2541 410 2627 ἡμέραν
436 2545 547 2608 πολλοί
566 2543 601 2608 εἰι
631 2543 811 2620 Βυξαντίοο
842 2539 1011 2625 οἰφιγμένοι
1036 2534 1078 2603 τὰ
1106 2537 1163 2602 ἴσα
1194 2537 1279 2601 καίΒ

167 2643 260 2704 aeros·
279 2637 471 2726 ἀπήγγελλον
487 2650 551 2716 τοῖς
573 2641 722 2727 φυγάσιν,
745 2637 846 2704 ἐδόκει
866 2641 933 2702 δεῖν
952 2639 1177 2722 περιμείναντα
1195 2660 1251 2717 μι-
1334 2711 1339 2714 ,

167 2736 262 2823 spir,
285 2737 455 2824 πρεσβείαν
477 2739 559 2825 πρὸς
579 2740 729 2822 βασιλίδα
749 2740 907 2826 περὶτῶν
926 2739 1151 2822 πραττομένων
1171 2736 1254 2815 πέμ·

167 2969 222 3022 reri
239 2966 404 3034 ridebaturg
423 2976 451 3021 et
469 2971 581 3021 omnino
600 2969 769 3040 patriarchae
787 2972 906 3042 aliisque
927 2971 1017 3040 palam
1041 2986 1070 3021 re
1099 2984 1253 3038 aggregans,

168 3037 241 3090 nihil
259 3055 376 3100 eorum,
393 3056 464 3110 quae
483 3047 577 3092 contra
591 3057 718 3110 magnum
736 3041 914 3094 domesticum
932 3043 1116 3110 agitarentur,
1135 3055 1186 3106 pro
1203 3053 1252 3089 rua

167 3115 247 3179 parte
263 3107 428 3180 negligebat.
466 3111 505 3161 Ex
524 3126 579 3180 quo
600 3109 681 3162 huius
700 3112 743 3162 sui
762 3128 824 3178 erga
846 3112 1043 3180 imperatricem
1064 3108 1150 3161 studii
1169 3125 1252 3178 prae-

167 3178 256 3230 mium
274 3179 474 3243 Protosebasti,
490 3189 585 3250 postea
603 3183 694 3252 magni
713 3180 868 3252 logothetae
887 3181 1050 3250 dignitatem
1070 3179 1183 3246 accepit.
1202 3179 1253 3230 Ni-

169 3248 305 3318 eeplrorus
323 3257 415 3302 sutem
434 3249 639 3306 Cantacuzeuas
658 3267 764 3304 earcere
780 3252 911 3304 multatus
932 3258 982 3305 cst.

242 3323 284 3374 αλ.
319 3319 440 3388 Fugitivi
457 3329 558 3385 autem,
578 3330 610 3375 ut
624 3323 740 3378 alterum
758 3323 910 3393 legatorum
927 3319 1067 3374 custodiae
1082 3318 1253 3382 mandatnm,

169 3387 305 3442 Gabalum
323 3407 386 3444 vero
404 3392 476 3445 iuter
497 3391 640 3445 domestici
662 3391 755 3445 hostes
781 3410 882 3446 nomeu
909 3409 989 3444 suum
1014 3391 1105 3462 palem
1128 3391 1253 3461 profiteri

170 3461 351 3522 audiverunt,
369 3460 506 3514 reditione
524 3462 681 3532 desperata,
699 3461 924 3530 Didymotichum
949 3459 985 3514 ad
1006 3463 1124 3514 eundem
1155 3461 1255 3513 dumc-

170 3533 271 3583 stieum
288 3531 506 3600 proficiscuntur,
515 3541 574 3584 acta
597 3535 689 3585 omnia
707 3540 735 3584 ct
752 3533 857 3585 bellum
874 3533 903 3585 iu
922 3549 984 3585 eum
1003 3539 1158 3602 susceptum
1168 3547 1254 3600 expo·

169 3609 250 3653 nunt.
297 3601 354 3670 Qui
377 3609 433 3652 tam
452 3619 521 3654 nora
540 3611 568 3656 et
585 3603 770 3672 inexspectata
789 3605 886 3656 nolens
904 3605 1034 3666 credere,
1061 3603 1178 3671 putebat
1197 3616 1255 3665 eos,

170 3674 275 3722 offensu
300 3672 329 3724 in
354 3673 482 3744 quopiam
510 3674 645 3743 Augusta,
671 3675 822 3741 pericnlum
842 3674 943 3741 fugisse
961 3673 1074 3725 ethaeo
1093 3672 1127 3724 de
1145 3687 1255 3739 compa·
1342 3722 1344 3727 .

170 3747 215 3792 eto
235 3749 331 3793 contra
351 3758 411 3794 eam
430 3744 607 3796 confinxisse:
627 3760 678 3794 nec
696 3746 769 3794 enim
787 3743 837 3796 tali
856 3752 978 3812 tempore
995 3747 1035 3796 sic
1051 3743 1151 3795 mutari
1170 3751 1255 3812 potu-

170 3809 232 3864 isse.
269 3811 363 3880 Quare
378 3829 425 3865 eos
445 3815 612 3878 Byzantium,
632 3829 797 3882 quamquam
815 3815 930 3875 inritos,
949 3813 1086 3883 cogitabat
1105 3813 1256 3875 remittere,

170 3887 203 3932 ut
219 3883 243 3932 si
261 3882 329 3951 quid
346 3885 377 3934 iu
397 3885 595 3952 imperatricem
614 3883 809 3953 peccavissent,
821 3884 851 3935 itl
870 3885 971 3937 debitis
988 3885 1085 3954 poenis
1096 3879 1254 3952 ‘expiarent

169 3949 233 4020 lpse
251 3968 315 4003 vero
332 3951 366 4004 sd
385 3954 588 4075 expeditionem
609 3953 806 4007 occidentalem
825 3955 877 4005 iam
900 3957 1063 4018 instructus,
1088 3956 1126 4006 ita
1145 3953 1256 4005 volebat

173 4037 230 4072 rem
255 4025 373 4090 aggredi.
435 4025 468 4078 ed
498 4025 548 4077 ubi
572 4035 636 4094 post
656 4041 738 4076 unum
763 4026 913 4077 alterumve
931 4025 1005 4077 diem
1024 4026 1104 4076 multi
1125 4021 1256 4092 Byzantio

173 4094 412 4159 supervenientes,
436 4093 529 4148 eadem
557 4112 618 4148 eum
643 4096 764 4165 fugitivis
792 4097 964 4157 retulerunt,
990 4096 1132 4164 paululum
1165 4092 1258 4142 subsi-

172 4161 299 4213 stendum
318 4163 539 4236 legationemque
558 4166 593 4216 ad
610 4167 812 4236 imperatricem
824 4167 984 4219 mittendam
1000 4166 1139 4217 iudicarit.
1159 4165 1256 4230 ltaque

172 4231 343 4298 praelectum
372 4233 480 4290 Gaurac
506 4237 687 4302 monasterio,
712 4237 802 4292 virum
824 4239 922 4292 virtuti
946 4235 1069 4292 deditum
1088 4243 1116 4286 et
1134 4232 1256 4303 politicis
