3125 4900
521 300 806 371 nistouriuuat
835 303 890 367 111.
913 304 964 375 17.
1194 298 1266 355 ΙΙΙ

186 456 321 548 περιιοόν
342 458 522 543 ἐμηχανᾶτο
542 458 664 525 πείθειν
669 506 679 540 ,
707 452 813 541 ψεόδη
837 457 989 539 συνείρων
1008 450 1064 517 καῖ
1081 450 1420 537 συκοφαντιίλοιδίςι.

185 584 237 636 ας.
278 556 335 623 καί
360 560 471 641 πρῶτα
492 559 553 638 μὲν
572 555 654 641 πρός
683 553 737 621 τόν
758 553 895 640 Ἀσάνην
922 552 1123 637 Ἀνδρόνικον
1152 546 1274 632 taeda,

186 653 222 735 δς
253 649 295 743 ἦν
324 652 451 746 μεγάλην
484 656 655 744 δομεστίκεγ
680 652 849 740 κηδεστης,
877 655 912 732 ἐξ
937 644 981 718 τόν
1000 649 1138 733 μάλιστα
1157 652 1276 713 πείσειν

183 750 278 849 piato,
307 758 473 841 ἐπεχείρει.
514 747 604 831 οὗτος
625 752 687 839 γάρ
711 751 749 841 dp*
770 750 908 838 Ἀσάνης
934 747 1014 837 πρός
1043 747 1100 815 τόν
1132 744 1276 832 γαμβρόν

165 850 280 945 Βόλιγρι
302 852 453 941 πρότερον
472 850 596 938 taeda,
626 857 728 919 ἐδεῖτο
746 850 793 936 μὴ
815 853 966 938 περεσρηῖν
988 844 1108 929 αδτόν,
1137 848 1275 929 dilabatur

186 954 327 1036 οἰόμενον
348 951 405 1019 τόν
424 954 493 1035 βίον
514 952 568 1017 διά
594 953 628 1018 τό
650 950 727 1027 τοάς
739 952 856 1027 παῖδας
874 948 1087 1034 Ἰωάννηνκαί
1100 942 1274 1030 Mavortii,

186 1056 237 1119 ἐπ’
255 1050 407 1131 bearat}
436 1047 497 1138 ἤδη
516 1049 580 1116 dud
603 1055 757 1135 βασιλέως
778 1054 813 1117 ἐν
832 1049 1036 1136 δεσμωτηρίῳ
1058 1046 1307 1132 εἶργογιόκους,ὓ
1392 1112 1400 1129 .

188 1148 346 1218 δεινότατα
360 1146 494 1235 πάσχειν
514 1149 571 1218 καί
590 1152 686 1217 oridia
713 1145 832 1233 άμείνω
847 1152 910 1215 τεόν
929 1151 966 1214 δν
987 1143 1068 1235 ᾅδου
1089 1140 1274 1228 διαγόντων.

189 1250 259 1317 u’ii'
283 1247 422 1316 άπιόντα
451 1248 532 1337 πρός
559 1247 618 1336 τὴν
650 1245 808 1335 ἑσπέραν,
844 1246 914 1315 ἐπεὶ
941 1245 994 1312 διά
1022 1245 1136 1331 Ripae
1156 1239 1273 1327 α’νάγκη

150 1352 329 1432 rotatim,
357 1348 438 1416 ἔνθα
459 1355 685 1433 κατεκλειόντο,
714 1355 771 1415 τοῦ
794 1348 1013 1433 δεσμωτηρίων
1040 1348 1201 1431 ἐξαγαγεῖν
1220 1341 1276 1408 καί

184 1448 265 1533 πρός
285 1446 344 1533 τὴν
363 1452 530 1535 στρατείαν
553 1451 698 1536 χρῆσθαι
719 1440 837 1534 άγοντα
855 1450 931 1530 μεθ’
951 1444 1069 1511 ἑαυτοῦ
1080 1495 1091 1525 ,
1123 1438 1272 1523 οὐδενός,

183 1539 230 1616 σόν
249 1542 321 1633 άγει
332 1600 343 1633 ,
361 1547 443 1635 πρός
462 1546 571 1633 μάχας
592 1550 647 1613 καί
667 1548 835 1634 στρατείας
856 1538 949 1625 ὄντας
967 1546 1175 1628 α’τιμοτέρους
1192 1543 1274 1624 χρῆ-

185 1653 277 1717 σθαι.
298 1645 315 1712 ό
340 1652 436 1733 μέγας
456 1652 492 1715 di
514 1649 712 1731 δομδστικσς,
736 1649 793 1711 oda
812 1646 977 1731 ἀρέσκειν,
997 1639 1156 1728 'domnam
1184 1633 1274 1725 αότῷ

186 1744 310 1833 ταύτην
327 1745 384 1832 τὴν
401 1746 530 1833 βουλήν.
574 1746 612 1811 οὗ
631 1746 694 1833 γάρ
716 1747 780 1810 τεόν
800 1743 963 1826 τυχόντων
983 1734 1064 1806 εἶναι
1083 1736 1156 1817 τεός
1168 1733 1271 1816 vinde,

146 1840 258 1911 ¹5oii⁰
279 1844 333 1911 ἐπί
351 1856 476 1933 μικροῖς
487 1870 551 1912 τισι
566 1847 815 1930 κατακριθέντας
825 1894 836 1924 ,
858 1838 953 1926 ὥστ’,
974 1844 1004 1907 τί
1023 1842 1180 1927 α’φεδεῖεν
1197 1840 1271 1921 παρ’

183 1948 305 2029 αὐτοῦ,
337 1944 496 2031 μηδεμάεν
513 1946 657 2031 ταραχῆς
677 1940 841 2029 πρόφασιν
860 1943 1013 2027 παρέχειν
1032 1940 1184 2022 βασιλίδι.
1204 1938 1272 2004 dit’

181 2042 249 2110 ἔδει
282 2042 433 2132 πρότερον
461 2042 581 2129 ἐκείνην
602 2040 906 2128 παρασκευάσαντας
935 2036 1123 2124 συγγνώμην
1143 2037 1272 2110 ἐκείνοις

182 2148 432 2231 παρασχέσθαι,
466 2142 569 2219 οὕτως
599 2145 720 2226 ἐξάγειν
749 2145 808 2207 τοῦ
837 2141 1062 2226 δεσμωτηρίου,
1104 2138 1162 2203 νῦν
1191 2138 1223 2200 δ’
1242 2136 1367 2209 citios

182 2250 279 2311 ‘codro
300 2242 459 2328 πράξομεν
486 2243 595 2325 nivei,
624 2240 669 2327 μη
701 2237 856 2328 πρότερον
881 2242 1000 2324 ἐκείνης
1029 2232 1270 2322 όπιτρεποόσης,

143 2341 265 2419 οοείκός
286 2337 386 2428 αὖτην
405 2367 440 2409 τε
461 2347 650 2427 λογίσασθαι
668 2344 725 2407 καί
750 2340 826 2417 τούς
853 2333 1055 2426 συκοφάντας
1082 2332 1273 2422 προφάσεως
1380 2355 1386 2373 ·

182 2444 219 2509 οδ
239 2444 295 2528 τῆς
313 2442 471 2528 τυχοάσης
491 2436 666 2528 εόπσρῆσαι
677 2490 687 2523 ,
721 2440 764 2518 σός
785 2433 849 2526 ἢδη
869 2443 977 2505 πᾶσαν
1002 2438 1104 2522 αὐτῆς
1123 2434 1272 2521 παραλό-

181 2545 268 2625 peada
291 2540 473 2625 διαβάλλειν
504 2539 561 2626 τὴν
582 2539 686 2626 α’ρχῆν
707 2538 762 2606 καί
794 2545 863 2604 κατ’
882 2541 1028 2619 ἐξουσίαν
1047 2534 1103 2600 κατ’
1121 2532 1162 2600 τά
1182 2534 1272 2617 μέγι-

184 2663 242 2706 στα
262 2642 457 2725 διοικοῦμεν,
486 2641 569 2726 μηδὲ
598 2641 692 2724 λόγου
716 2641 794 2725 γοῦν
814 2638 915 2724 αὐτήν
933 2660 1016 2714 τινος
1038 2634 1207 2714 ἀξιοῦντες.
1248 2631 1271 2698 δ

183 2909 290 2954 εοεαε,
312 2892 342 2944 in
363 2889 485 2944 eamdem
503 2899 622 2944 mentem
645 2889 750 2943 illicere
775 2889 968 2944 contendebat
1004 2890 1043 2942 Δε
1067 2890 1183 2960 primum
1205 2890 1268 2959 qui·

184 2963 247 3014 dem
275 2963 459 3015 Andronicum
489 2962 603 3015 Arauem
630 2964 719 3029 magui
746 2961 892 3015 domentioi
916 2977 1057 3023 socerum,
1089 2963 1268 3029 argumentis,

182 3033 286 3102 quibua
308 3049 371 3086 eum
390 3031 563 3102 potiaaimum
582 3039 797 3102 expugnaturum
815 3030 996 3096 confidebat„
1018 3031 1181 3098 aggreditur.
1217 3029 1269 3080 iiio

149 3117 152 3120 ·
182 3119 303 3174 namque
322 3104 424 3155 Arauea
440 3100 474 3154 ad
493 3117 622 3173 generum
639 3103 722 3172 panio
742 3111 806 3154 ante
826 3109 940 3154 venerat
955 3109 984 3153 et
1011 3108 1043 3150 ut
1062 3101 1105 3150 rui
1123 3103 1267 3150 mirarere-

181 3181 244 3234 tur‚
285 3173 489 3235 obaecraverat,
527 3175 613 3224 vitam
636 3175 749 3224 minime
775 3172 887 3223 vitalem
920 3169 1038 3223 virentia
1064 3169 1100 3220 ob
1136 3171 1265 3220 ioannem

181 3253 211 3296 et
231 3241 389 3296 bianuelem
414 3243 504 3304 iiiior,
525 3259 625 3294 annum
650 3244 703 3294 iam
733 3251 840 3294 rentum
862 3242 898 3293 ab
919 3244 1098 3308 imperatore,
1127 3240 1268 3292 teterrimo

182 3314 434 3382 obaeuriaaimoque
461 3327 581 3376 earcere,
607 3329 664 3365 uon
683 3327 758 3365 aecus
783 3319 867 3383 atque
891 3309 965 3379 apud
986 3311 1107 3372 inieroa,
1133 3309 1268 3368 detentos.

180 3385 300 3437 Etcum
331 3386 361 3436 in
394 3383 566 3436 occidentem
588 3382 824 3454 proficisceretur,
852 3382 981 3453 quoniam
1010 3383 1091 3432 berar
1114 3385 1268 3434 neeeaaario

180 3455 349 3507 iranaiturua
368 3461 455 3514 esaei,
481 3453 529 3505 ubi
552 3453 582 3503 in
604 3453 728 3506 cuatodia
749 3452 939 3515 habebantur,
965 3449 1096 3508 liberator
1123 3466 1212 3501 recum
1237 3453 1267 3504 in

181 3525 312 3578 miiitiam
332 3524 495 3592 perduceret
511 3539 605 3575 eorum
628 3539 662 3576 ue
680 3537 763 3590 opera
783 3529 915 3585 uteretur,
935 3524 983 3592 qui
1002 3521 1037 3572 de
1055 3521 1161 3588 agmine
1174 3521 1269 3591 ipaiua,

181 3594 258 3666 quod
280 3593 315 3645 ad
339 3607 450 3645 manum
474 3539 670 3646 conterendam
697 3592 873 3661 laboremque
898 3593 1046 3645 militarem
1070 3593 1188 3653 attinet,
1216 3608 1268 3642 ne·

179 3663 248 3717 mini
269 3663 458 3716 eoncedereut,
493 3663 608 3732 Magnus
626 3663 792 3716 domeaiicua
810 3663 864 3714 aibi
881 3679 938 3715 non
965 3661 1077 3730 probari
1101 3659 1154 3713 boe
1176 3660 1268 3713 conai-

178 3735 248 3788 iinm
268 3733 427 3803 respondit:
445 3749 502 3787 non
519 3734 594 3787 enim
611 3747 670 3790 erae
690 3740 779 3786 terrae
798 3732 879 3793 iiiior,
897 3748 949 3784 nee
967 3733 1068 3784 ieaium
1088 3732 1268 3802 quorumdum

178 3805 328 3858 criminum
352 3802 561 3867 condemnatae,
586 3813 618 3857 ut
641 3803 665 3858 ai
691 3801 726 3855 ab
750 3803 810 3872 ipro
842 3802 1032 3864 dimittantur,
1069 3819 1125 3854 non
1159 3803 1267 3874 aiiqnid

176 3875 321 3929 turbarum
341 3875 500 3944 imperatrix
520 3881 664 3944 expertura
686 3875 731 3928 ait.
768 3872 929 3942 Oporiuiaae
947 3875 1022 3943 priua
1039 3888 1071 3925 ea
1095 3873 1201 3942 placata
1220 3891 1268 3926 ve·

178 3946 254 3998 niam
272 3945 340 4013 ipaia
359 3943 434 4008 dari,
464 3953 494 3998 et
516 3945 557 3996 aia
574 3941 683 3996 demum
700 3961 716 3996 e
735 3959 842 3996 carcere
859 3942 948 3996 educi.
981 3943 1061 3996 Nune
1085 3943 1108 3995 ai
1134 3941 1188 3995 boe
1215 3958 1266 3993 noa

179 4015 248 4067 eitra
267 4015 327 4068 eiua
345 4015 503 4070 mandatum
521 4015 667 4080 iaciamus,
694 4016 806 4084 inquit,
829 4014 976 4085 probabile
1000 4023 1059 4076 eat,
1084 4023 1113 4065 et
1130 4014 1205 4064 iilam
1227 4013 1266 4062 ita
1310 4073 1313 4078 ,

178 4087 404 4138 ratiocinatorem
433 4093 464 4138 et
491 4084 682 4155 nympharum,
696 4083 825 4137 idoneam
849 4088 1019 4138 oeeaaionem
1044 4093 1157 4144 nactos,
1189 4082 1266 4132 caiu-

178 4155 281 4208 παίσω
299 4163 495 4218 oouiexiuroaa
511 4157 589 4227 quari
607 4157 662 4207 iam
681 4171 762 4209 omne
781 4157 926 4227 imperium
943 4156 969 4208 ei
987 4153 1178 4211 ademerimur,
1200 4149 1265 4202 dum

175 4227 296 4282 maxilua
311 4243 361 4299 per
381 4226 523 4282 licentiam
540 4226 711 4282 decernimur
722 4234 750 4281 et
766 4243 820 4280 nee
835 4227 919 4285 verbo
939 4243 995 4281 uno
1012 4227 1101 4295 ipram
1112 4223 1262 4292 dignamur.
