3125 4900
440 325 728 418 ιιιιιοιιικιιιιιι
757 359 814 420 ιιι.
844 361 876 428 ι.
1155 327 1209 414 63

116 527 182 571 ττιν
204 491 269 581 τός’ι
294 502 461 590 συνθήκας
497 507 554 570 καί
581 507 739 589 βασιλέως
758 513 824 583 τοὶς
844 505 939 573 narei
955 517 1139 594 συμμαχελλ
1158 505 1356 595 irrideam}

115 601 189 680 τοός
201 597 399 686 πολεμίους,
429 593 470 670 dr
489 629 573 681 τινες
590 597 681 690 αἷσι,
716 605 789 672 νυνί
806 605 946 685 μάλιστα
963 610 1020 692 τῆς
1040 608 1129 696 παρὰ
1147 612 1213 675 τόν

117 703 221 790 φίλων
250 703 433 786 ἐπικουρίας
454 705 623 784 δεομένοις.
668 703 736 770 ὅδ’
764 702 846 770 ἔοικε
868 703 983 771 ταδτόν
1001 716 1068 786 ταῖς
1086 713 1212 787 πολλοῖς
1257 705 1262 716 ’
1297 707 1305 737 ¹
1355 756 1367 775 ι

116 807 255 882 παθεῖν,
278 799 312 865 οἳ
330 802 451 880 ζαόντας
474 803 533 884 μὲν
554 803 768 888 θεραπεύουσι
792 802 866 879 τοός
886 804 1057 888 δονατοός,
1080 800 1212 888 oduui-

97 901 175 964 5λον
195 901 341 980 ἐκείνων,
371 893 393 984 ἦ
422 904 480 964 τοῦ
507 905 621 984 καιροῦ
641 901 697 966 καί
715 905 770 985 τῆς
782 899 919 967 ’ἐκείνων
939 901 1104 985 δυνάμεως
1124 899 1210 982 όντες

117 1001 233 1085 prist·
275 996 408 1064 ἐπειδάν
438 1001 473 1064 δὲ
494 999 706 1082 άιιοίχωνται,
728 1003 794 1066 τῶν
810 1000 919 1069 αἰτίαιν
939 998 1078 1089 οδσπερεί
1098 1007 1209 1068 διαλυ·

116 1097 240 1162 θέντων
258 1100 315 1182 τῆς
341 1095 472 1184 φιλίας,
498 1095 599 1186 ῥᾷστα
620 1097 698 1185 πρός
717 1097 839 1184 ἔχθραν
862 1099 1023 1184 ἐξάγονται
1041 1103 1106 1166 τιόν
1124 1098 1237 1187 πρό-Ι)

116 1218 209 1280 τερον
227 1195 401 1262 δοκούντων
419 1191 503 1262 εἶναι
524 1199 642 1282 φιλων,
662 1195 718 1261 διά
738 1195 793 1283 τὴν
813 1193 992 1278 ἀδυναμίαν
1012 1196 1130 1276 αόταός
1149 1224 1206 1264 πε-

118 1299 295 1380 ριορῶντες.
348 1291 457 1360 ἔπειτα
490 1297 600 1361 δὲκαὶ
624 1295 706 1384 πρός
731 1296 791 1382 τὴν
822 1296 951 1376 άξόυσιν
976 1298 1086 1362 ου’ταῖν
1123 1293 1206 1365 οόταό

77 1389 174 1476 ιοτῆν
196 1395 367 1478 αἰτιολογίαν
388 1395 542 1478 ἐποιεῖτο,
570 1394 614 1471 aie
634 1391 672 1460 οό
693 1393 828 1481 πάτριον
846 1404 913 1471 τοῖς
927 1393 1095 1478 Ῥωμαιων
1111 1401 1207 1478 βασι-

115 1495 228 1575 teter,
251 1491 327 1569 τοός
347 1491 455 1569 αὐτοῖς
475 1491 716 1582 προσφυγόντας
743 1504 810 1570 τοϊς
823 1492 989 1576 Ιπολεμίοις
1008 1494 1205 1579 προδιδόναι.Ι

115 1587 180 1655 aiud
209 1589 272 1677 γάρ
303 1593 365 1656 τῶν
388 1593 632 1658 Κωναταντίνου
663 1597 720 1659 τοῦ
738 1590 875 1677 μεγάλου
893 1589 1020 1678 χρόνων
1041 1586 1120 1677 άχρι
1145 1597 1204 1659 νόν

112 1697 181 1768 ταῖς
204 1687 370 1770 Ῥωμαίων
394 1693 579 1775 βασιλεῦσι,
615 1692 740 1774 μείζοσι
764 1694 820 1756 καί
846 1694 1124 1778 περιφανεστέροις
1141 1694 1204 1757 τῶν

112 1793 196 1873 παρ’
219 1783 361 1864 ἑκάστοις
384 1786 490 1855 ἔθνεσι
515 1792 703 1874 βασιλεῦσιν
732 1784 753 1876 ἢ
782 1790 952 1864 δυνάσταις
973 1782 1063 1875 σόαι,
1094 1787 1231 1855 norici·

74 1891 179 1958 ιΞτιόν
197 1890 272 1972 παρ’
295 1882 402 1964 cicccc
419 1887 586 1976 άρχόντων
610 1886 822 1974 ἀτυχήσαντες
840 1891 896 1953 κατ’
918 1891 974 1973 τῆς
993 1888 1096 1974 δρχῆς
1115 1890 1204 1972 iufle-

109 1988 263 2070 βλημένοι
282 1984 447 2070 γεγόνασιν
469 1984 584 2067 ἱκέται,
617 1985 647 2052 οἱ
675 1991 736 2070 μὲν
756 1987 814 2073 τὴν
835 1988 952 2054 οἰκείαν
966 1981 1076 2064 αὐτοῖς
1092 1986 1204 2070 δυόμε-

110 2107 161 2150 ναι
182 2085 288 2169 άρχὴν
308 2083 540 2169 δπανασαόζειν,
569 2086 599 2151 οἱ
620 2086 731 2151 δὲκαὶ
750 2078 854 2162 άλλως
871 2088 1019 2172 προνοίας
1037 2086 1292 2180 adepsit-1²32,

109 2185 223 2266 μανίαις
240 2192 350 2266 τυχεῖν
367 2189 549 2261 τινοςτκαδ
565 2189 662 2268 πᾶσιν
681 2177 820 2272 ἤρκεσαν
840 2182 922 2271 πρός
939 2183 997 2261 ταὶς
1016 2182 1202 2272 συμφοράς,

111 2277 219 2367 ὥσπερ
241 2280 341 2346 κοινοί
360 2287 499 2370 σωτῆρες
519 2287 576 2352 καί
594 2282 768 2371 προστάται
788 2287 852 2348 τόν
876 2281 1016 2373 δυσκόλῳ
1026 2284 1109 2371 τόχῃ
1121 2307 1203 2369 χρη-

70 2372 354 2465 ποαομένωνόντες
363 2431 374 2463 ,
396 2385 454 2446 καί
472 2390 538 2459 ταῖς
552 2387 612 2466 μὲν
631 2385 735 2449 adenis
755 2380 985 2460 intimante
1000 2381 1204 2470 dextima-

110 2480 146 2567 ρί
164 2484 265 2569 πολλῇ
287 2482 531 2565 καταγαγόντες,
553 2486 659 2559 ἐνίους
680 2484 716 2547 δὲ
735 2480 992 2569 τόεργετὴσαντες
1007 2480 1129 2566 μεγάλα
1148 2484 1206 2547 καί
1242 2547 1244 2550 .

109 2584 168 2665 τῆς
189 2580 307 2654 οἰκείας
326 2577 512 2664 ποιήσαντες
534 2582 728 2647 ἐκλαθέσθαι
747 2584 787 2669 τῇ
806 2577 965 2668 ὑπερβολῇ
984 2578 1048 2645 τόν
1065 2582 1203 2663 δωρεῶν,

111 2675 243 2744 ἔπεισαν
256 2679 366 2754 adroic
385 2690 524 2744 συνεῖναι
546 2678 601 2744 διά
621 2680 717 2763 βίου,
737 2677 901 2766 τὴνπαρά
917 2684 1047 2762 βασιλεῖ
1056 2679 1204 2743 δουλείαν

109 2774 192 2842 πυλό
215 2778 329 2861 βελτίω
349 2776 538 2860 ermionae
558 2780 614 2845 καί
633 2781 902 2867 θαυμασιωτέραν
923 2781 981 2863 τῆς
1010 2777 1114 2864 α’ρχῆς
1135 2776 1200 2843 τόν

107 3034 185 3071 nram
202 3016 411 3089 indigentibus,
429 3024 524 3072 contra
542 3034 636 3073 eorum
654 3018 763 3085 hostes,
785 3021 810 3073 sl
828 3020 876 3091 qul
894 3016 1014 3086 luerint,
1040 3022 1201 3078 societatem

108 3090 260 3143 instituere
280 3089 415 3145 debuisse.
452 3090 554 3141 Verum
572 3091 613 3141 illi
632 3090 722 3152 idem,
737 3090 813 3162 quod
831 3091 935 3154 multis,
953 3092 1132 3155 usuvenire,
1150 3091 1200 3161 qui

106 3160 299 3230 potentiores,
315 3160 390 3214 rivus
410 3158 539 3231 quidem,
571 3159 665 3213 olliciis
692 3160 885 3225 demerentur,
907 3177 964 3213 non
989 3166 1045 3211 tam
1076 3159 1201 3240 ipsorum

106 3230 209 3293 amici,
236 3247 317 3301 quam
343 3231 473 3301 temporis
497 3240 526 3283 et
543 3230 716 3299 opulentiae:
745 3231 795 3283 ubi
813 3236 904 3281 autem
923 3235 1036 3281 mortem
1055 3229 1199 3295 obterunt,

104 3300 196 3353 veluti
221 3316 282 3352 eum
304 3309 394 3353 morte
412 3300 510 3353 solutis
528 3301 665 3352 amicitiae
684 3300 810 3370 legibus,
830 3316 877 3351 eos
897 3298 950 3349 iam
978 3305 1009 3351 ot
1034 3298 1199 3367 impotentes

104 3378 290 3423 contemnunt
314 3370 501 3442 iacillimeque
525 3370 658 3435 oderunt,
688 3388 756 3442 quos
779 3370 856 3440 prius
884 3368 1000 3438 diligere
1025 3367 1198 3443 videbantur.¹

105 3440 218 3494 Deinde
233 3440 270 3492 ad
286 3444 448 3510 petitionem
466 3440 519 3493 laoe
536 3456 694 3509 responsum
717 3441 821 3491 attulit.
858 3436 921 3491 Non
948 3445 990 3490 est
1016 3436 1062 3490 liic
1092 3441 1199 3511 patrius

105 3524 166 3563 taos
187 3512 333 3575 Romanis,
358 3512 394 3563 ad
411 3528 440 3563 se
459 3510 648 3579 confugientes
665 3526 758 3563 eornm
777 3508 904 3561 hostibus
928 3508 1035 3562 dedere.
1071 3510 1096 3561 A
1120 3510 1200 3565 Con-

108 3584 234 3635 stantino
258 3584 331 3633 enim
352 3582 451 3649 Magno
484 3580 611 3633 Romanis
645 3578 856 3649 imperatoribus
882 3579 1048 3649 singularum
1073 3580 1199 3646 gentium

108 3666 187 3718 reges
204 3666 237 3701 ae
254 3650 381 3703 dominos
399 3650 587 3720 magnitudine
605 3667 637 3703 ac
655 3652 804 3703 nobilitate
821 3649 929 3719 imperii
950 3648 1200 3716 antecedentibus,

106 3720 263 3791 complures
283 3738 386 3785 eorum,
404 3721 516 3774 adversa
537 3722 645 3775 fortuna
664 3720 707 3773 usi
722 3729 750 3773 et
768 3719 921 3789 principatu
940 3719 1033 3781 eiecti,
1057 3720 1197 3789 supplicet

107 3790 173 3844 iacti
190 3800 271 3845 sunt:
291 3792 340 3844 alii
359 3802 501 3863 rogantes,
522 3807 602 3845 auum
618 3790 672 3842 ribi
690 3791 875 3859 principatum
893 3788 1062 3859 recuperari:
1078 3788 1127 3841 alii
1146 3789 1199 3854 alif

107 3864 150 3913 ier
167 3864 212 3913 sui
230 3878 322 3913 euram
340 3860 596 3935 providentiamque
614 3860 773 3930 flagitantes.
812 3860 868 3929 Qui
885 3868 1023 3931 tamquam
1040 3876 1197 3914 eommunes

106 3932 328 3985 calamitosorum
350 3933 497 3985 salvatores
524 3950 555 3985 ac
573 3930 684 4002 patroni
709 3930 743 3980 ab
763 3932 889 3983 omnibus
906 3946 1064 3982 aerumnam
1083 3930 1198 3999 depule-

106 4008 178 4053 runt
215 4000 285 4055 Nam
304 4000 355 4055 lios
374 4004 404 4053 in
422 4004 536 4071 imperia
555 4020 605 4054 ιιιιι
630 4019 688 4053 cum
707 4000 799 4053 valida
816 4017 897 4052 manu
921 3998 1105 4052 reduxeruut:
1133 4000 1196 4052 illos

104 4068 249 4125 beneficiis
276 4090 308 4125 ae
333 4072 412 4125 donis
439 4072 715 4143 magnificentissimis
736 4070 965 4123 cohonestarunt:
990 4068 1107 4140 quibus,
1134 4086 1197 4121 eum

105 4142 145 4191 eis
164 4159 274 4195 suarum
292 4142 495 4211 provinciarum
514 4144 673 4195 memoriam
691 4142 880 4202 excussissem,
896 4148 927 4191 ut
943 4156 1033 4192 secum
1052 4138 1086 4191 de
1105 4147 1195 4191 cetero

104 4211 187 4265 rium
206 4214 345 4277 virerent,
362 4223 487 4267 auctores
508 4214 636 4267 luerunt:
655 4214 694 4263 im
716 4213 816 4265 eratori
834 4210 964 4274 subesse,
990 4209 1078 4260 multo
1097 4207 1197 4261 melius

106 4288 136 4335 et
155 4282 292 4339 illustrius
311 4284 494 4351 ducentibus,
523 4300 606 4356 quam
629 4300 683 4355 apu
727 4299 804 4338 suam
830 4288 939 4351 gentem
962 4296 1052 4335 rerum
1075 4276 1195 4333 habenas
