3125 4900
312 309 343 412 d
736 333 944 401 ιιιιιιοοιιιι

312 490 426 544 mestico
437 488 590 564 honorifice
605 489 703 544 babiti.
737 489 903 561 Apocaucbo
914 487 1110 544 Sennacherim
1120 460 1294 612 subropatur.
1331 488 1402 544 Con·

312 562 432 630 spiratio
450 575 478 612 et
503 561 607 631 legatio
634 561 839 632 praestatorum
867 558 1020 612 occidentis
1042 560 1107 629 (ιι).
1145 563 1240 612 C‘raes
1268 559 1405 613 Maced&

313 631 380 684 niae
398 631 524 698 infestus.
559 633 679 701 Magnus
698 631 864 684 domesticus
881 631 1132 697 Peloponnesiacae
1158 630 1331 700 expeditioni
1349 647 1403 683 aa·

313 699 504 753 teuertendum
513 737 522 762 ,
547 699 664 772 ideoque
682 701 847 771 Byzantium
865 698 1060 752 revertendum
1077 713 1177 757 censet.
1212 699 1364 771 Excipitur
1383 718 1401 753 a

312 771 496 836 Byzantinis.-
517 770 718 841 imperatricem
735 773 814 823 luctu
832 782 858 822 et
875 769 969 821 morbo
984 769 1118 836 afflictam
1131 769 1314 823 consolatur:
1332 765 1404 841 quid

313 842 418 912 egerit,
438 838 510 911 quid
525 852 640 894 acturus
658 843 694 892 sit
711 842 827 910 exponit
844 840 909 907 (so)
945 837 990 891 Ad
1004 838 1141 906 palatium
1156 841 1265 893 nobiles
1281 851 1309 892 et
1324 840 1402 890 mili·

313 923 355 962 tes
374 911 491 962 clamosa
509 928 568 963 cum
587 911 751 980 patriarcba
772 909 807 962 de
823 908 928 962 bonore
951 907 1095 963 domestici
1120 912 1278 980 iurgantur.
1314 911 1403 977 impe·

314 982 406 1033 ratris
414 980 603 1049 iurgantibus,
613 981 721 1050 triplici
728 998 824 1034 eorum
830 990 944 1051 peccato
951 977 1150 1040 demonstrato,
1162 982 1271 1032 veniam
1280 977 1329 1030 dat
1337 979 1403 1046 (ιδ).

316 1051 359 1104 De
376 1050 637 1121 poenaApocaucln'
656 1069 716 1103 cum
734 1049 882 1102 domestico
902 1046 1057 1101 deliberat:
1073 1049 1134 1100 eius
1151 1051 1262 1102 natales
1279 1060 1404 1101 etstatus

313 1120 458 1190 pristinus.
497 1117 637 1185 Quomodo
653 1119 727 1172 idem
745 1117 931 1189 Apocaucbus
948 1119 1068 1178 Xenam,
1085 1120 1262 1186 Imperatoris
1278 1131 1405 1181 matrem,

314 1187 453 1242 adversus
481 1187 657 1242 domesticum
682 1191 844 1243 concitarit.
885 1190 1028 1241 inuitatus
1048 1185 1212 1242 domesticae
1229 1187 1269 1242 ad
1285 1205 1405 1240 commu-

317 1261 429 1312 nionem
446 1275 590 1330 purpurae
609 1272 635 1310 et
653 1261 765 1329 imperii
783 1271 896 1311 recusat
917 1257 985 1326 (ιή)
1020 1259 1098 1311 Metu
1119 1259 1187 1310 mali
1208 1257 1407 1312 obtrectatores

315 1323 458 1382 domestici
475 1331 507 1380 in
524 1331 583 1382 eius
600 1345 628 1381 se
645 1331 767 1398 gratiam
787 1332 932 1382 restituere
952 1326 1113 1380 desiderant
1132 1341 1158 1383 et
1176 1331 1309 1398 imprimis
1327 1328 1406 1398 Apo·

316 1396 456 1458 cautious,
476 1399 523 1450 cui
539 1399 661 1468 supplici
678 1417 737 1452 cum
755 1401 831 1452 serio
843 1397 1033 1450 admonitione
1046 1397 1207 1466 ignoscitur.
1247 1401 1306 1463 Quo
1318 1410 1403 1466 pacto
1488 1405 1496 1414 '

316 1468 365 1522 ille
388 1463 459 1518 idem
473 1481 591 1549 propter
608 1471 812 1539 praefecturam
827 1467 893 1540 fisci
913 1486 970 1519 non
988 1467 1127 1520 obtentam
1144 1470 1242 1521 turbas
1252 1469 1359 1539 secerit
1377 1479 1406 1519 et

316 1539 349 1590 in
366 1533 539 1590 domesticum
555 1551 700 1608 praesente
722 1539 901 1607 imperatrice
922 1538 1046 1590 inuectus
1062 1539 1099 1590 sit
1114 1537 1182 1606 (ιδ).
1217 1539 1289 1590 Eum
1309 1550 1336 1588 et
1354 1538 1407 1587 im-

314 1609 479 1677 peratricem
496 1610 607 1677 placat,
625 1609 756 1677 Epibatis
774 1604 872 1678 egredi
888 1624 947 1658 non
958 1605 1050 1659 audet.
1086 1607 1238 1660 Domestici
1247 1605 1287 1659 ad
1297 1607 1407 1674 Byzan-

315 1678 370 1730 tios
387 1674 421 1730 de
436 1693 505 1748 pace
525 1675 691 1731 cohortatio.
726 1677 828 1732 Filiam
854 1676 1021 1747 Imperatori
1044 1674 1212 1743 despondere
1234 1675 1334 1746 dsffem
1371 1675 1407 1727 In

315 1749 418 1802 itinere
437 1764 465 1798 se
483 1747 664 1815 Apocauclsus
682 1748 709 1800 ei
723 1743 878 1818 permittit:
904 1764 964 1799 cum
981 1758 1070 1798 matre
1087 1745 1231 1800 domestici
1243 1747 1406 1808 collocutus,

316 1829 347 1871 ut
365 1833 393 1869 se
411 1817 499 1886 magis
516 1833 559 1878 re,
577 1835 660 1886 quam
675 1818 779 1876 verbu,
799 1816 962 1869 benevolum
998 1829 1120 1877 rnestee,
1149 1815 1315 1867 admonetur
1337 1817 1405 1882 (ιδ)

315 1887 443 1940 Animum
459 1885 641 1957 patriarchae
657 1885 749 1946 subit,
770 1883 947 1937 domesticum
978 1885 1037 1934 also
1053 1897 1184 1945 accusat,
1203 1887 1407 1954 imperatricem

318 1955 453 2008 adversus
471 1953 646 2006 domesticum
666 1951 837 2006 irritandam
856 1951 956 2004 suadet
972 1965 999 2004 et
1008 1955 1144 2005 rationem
1156 1957 1296 2023 proponit.
1332 1957 1408 2006 Asa·

317 2042 365 2078 nes
387 2041 438 2093 pro
459 2023 536 2095 filiis
558 2025 719 2078 sexennium
744 2039 858 2076 carcere
882 2021 1001 2074 detentis
1023 2035 1107 2092 ragat
1124 2024 1191 2092 (η).
1236 2025 1410 2075 Domesticos

317 2111 429 2165 operam
444 2094 600 2162 pollicetur.
636 2093 766 2144 Socerum
784 2105 885 2145 contra
901 2109 1031 2161 generum
1050 2093 1232 2162 Apocauclsus
1249 2095 1410 2162 inflammat

316 2167 382 2232 (19).
422 2165 568 2216 Coniurati
595 2163 741 2232 sigillatim
764 2160 842 2232 apud
863 2163 1065 2230 imperatricem
1082 2161 1225 2216 domestici
1243 2181 1342 2216 nomen
1360 2163 1409 2216 de-

310 2235 420 2306 serunt.
457 2235 568 2303 Singuli
584 2234 763 2286 reiiciuntur.
797 2233 938 2285 Postremo
959 2247 991 2284 eo
1009 2231 1151 2302 adigitur.
1183 2246 1212 2285 ue
1228 2231 1335 2285 iudicio
1357 2250 1410 2284 ar-

317 2299 474 2359 cessendum
489 2316 583 2371 putet,
607 2319 687 2371 quem
705 2301 872 2371 patriarcba
890 2299 1000 2353 indicta
1017 2318 1103 2355 causa
1123 2299 1311 2354 damnandum
1329 2303 1411 2354 arbi-

318 2373 448 2428 trabatur
465 2373 533 2440 (ιο).
569 2370 646 2424 idem
666 2373 870 2442 imperatricem
886 2371 1008 2443 periculi
1023 2374 1166 2441 gravitate
1183 2369 1303 2424 deterret
1319 2370 1410 2424 vehe-

318 2456 476 2511 menterque
501 2444 684 2513 suspicionem
703 2454 792 2511 auget.
829 2445 936 2495 Asanes
954 2445 1162 2495 accusationem
1181 2440 1323 2495 concludit
1338 2441 1408 2512 (os).

317 2515 402 2570 Dolet
431 2526 459 2564 et
482 2516 598 2581 angitur
625 2516 791 2582 imperatrix
815 2526 900 2580 atque
925 2515 958 2564 in
981 2514 1147 2565 sententiam
1171 2512 1409 2565 calumniatorum

317 2580 511 2655 propendens,
540 2584 577 2635 iis
601 2602 629 2637 se
654 2600 713 2635 cum
731 2584 828 2635 liberis
840 2584 919 2651 fleas
935 2581 1114 2635 commendat.
1149 2584 1242 2636 Mater
1261 2580 1410 2634 domestici

320 2671 381 2707 cum
391 2651 461 2721 filio
479 2654 592 2704 minimo
615 2666 685 2705 statu
703 2665 730 2705 et
748 2670 833 2707 uxore
851 2654 968 2706 atterius
984 2652 1043 2721 filii
1057 2651 1133 2703 dorsi
1147 2654 1226 2706 velut
1245 2653 1410 2703 incarcere

321 2720 471 2778 clauditur·
507 2722 687 2791 Apocaucbus
704 2722 783 2775 urbis
798 2722 958 2793 praeflatus
977 2736 1098 2783 creatus,
1115 2722 1221 2789 frastra
1239 2723 1352 2772 militem
1370 2717 1412 2773 ad

324 2789 501 2861 diripiendas
513 2804 542 2843 et
550 2790 717 2845 evertendas
728 2790 872 2846 domestici
891 2791 973 2844 aedes
985 2796 1088 2858 mittit,·
1105 2793 1185 2845 cuius
1193 2794 1288 2852 amici,
1299 2792 1351 2861 qui
1358 2808 1410 2860 pe·

325 2862 411 2916 riculi
427 2858 543 2913 vitandi
559 2880 593 2914 ea
611 2862 677 2913 urbe
688 2862 843 2931 stagnant,
862 2864 1037 2931 imperatrici
1050 2880 1079 2914 se
1098 2875 1247 2924 excusant,
1272 2857 1412 2912 redeundi

318 2932 433 2986 ueniam
444 2944 536 2981 orant.
573 2932 695 2983 Gabalos
707 2934 930 3001 praevaricatur
942 2934 1007 3000 (os).
1045 2934 1101 2997 Qui
1108 2936 1244 2997 Byzantio
1255 2930 1410 3000 fugerant,

322 3000 513 3067 Didymoticiti
529 3016 602 3066 quae
618 3012 684 3053 acta
701 3004 759 3053 sine
778 3014 908 3054 narrant.
945 3003 1056 3072 legatis
1072 3004 1161 3053 missis
1180 3001 1315 3053 iudicium
1332 2998 1412 3051 dese

325 3070 489 3124 domesticus
545 3072 647 3122 stulat:
667 3073 1006 3143 aministrisApocauclsi
1022 3073 1092 3124 male
1111 3075 1292 3141 accipiuntur
1334 3066 1412 3121 Idem

324 3141 488 3195 domesticus
525 3140 592 3193 ostis
611 3138 775 3195 declaratur
792 3142 859 3210 (23).
894 3144 1070 3195 Perlitteras
1081 3143 1269 3211 imperatricis
1280 3140 1413 3190 vicaria-

326 3223 356 3263 tu
371 3212 483 3261 iubetur
503 3209 590 3263 abire.
628 3209 703 3273 Quid
721 3212 856 3280 agendum
875 3212 922 3273 sit,
943 3212 1077 3264 militibus
1085 3213 1185 3265 bellum
1194 3209 1412 3281 flagitantibus,

326 3281 480 3353 quaeritur.
526 3282 623 3333 Oratio
652 3280 830 3349 longiuscula
851 3281 1009 3343 domestici,
1036 3300 1093 3351 qua
1119 3285 1223 3335 crimen
1252 3275 1416 3347 occupandi

326 3350 408 3419 regni
423 3348 534 3415 refellit.
571 3348 614 3401 Ad
624 3351 825 3413 imperatricem
840 3351 997 3420 proiectus,
1015 3355 1075 3406 eius
1090 3370 1118 3404 se
1132 3351 1285 3403 arbitratui
1293 3348 1414 3416 permit·

327 3432 385 3473 tere
407 3421 512 3487 cogitat
538 3419 603 3488 (oi).
647 3422 777 3473 Proceres
799 3424 903 3475 rectius
926 3423 1007 3475 rebus
1026 3424 1214 3475 consulturum
1233 3431 1361 3479 censent,
1386 3417 1415 3468 si

326 3506 477 3560 purpuram
492 3486 600 3541 induat.
622 3491 661 3543 lis
671 3492 812 3553 renitens,
832 3491 943 3545 tandem
956 3494 1001 3545 rei
1012 3494 1143 3562 publicae
1158 3506 1244 3541 causa
1254 3505 1349 3540 eorum
1359 3504 1415 3539 vo·

327 3560 433 3613 luntati
447 3559 608 3628 obsequitur
621 3562 676 3627 (ab.
686 3563 737 3627 26).
762 3559 952 3625 Didymoticbi
959 3563 1054 3632 palam
1064 3563 1139 3629 capit
1150 3572 1279 3611 ornatum
1292 3559 1415 3626 impera·

329 3631 430 3680 torium
442 3646 500 3679 cum
509 3629 619 3697 faustis
628 3631 884 3683 acclamationibus.
923 3629 1063 3700 Quaedam
1077 3631 1236 3696 futurorum
1251 3629 1415 3696 praesagia.

328 3700 463 3766 Episcopi
487 3696 736 3765 Didymw'cbtmit
761 3704 851 3759 visum
876 3716 902 3755 et
925 3705 985 3756 eius
1001 3702 1061 3753 viri
1077 3703 1140 3751 laus
1157 3700 1222 3768 (η).
1258 3702 1416 3768 imperator

330 3785 426 3819 rursus
452 3769 485 3819 ab
513 3786 540 3821 se
562 3770 742 3838 suspicionem
760 3772 921 3837 tyrannidis
944 3783 1067 3823 removet
1078 3790 1088 3835 ,·
1107 3770 1240 3821 militibus
1258 3785 1359 3819 uxores
1378 3781 1416 3817 ac

329 3838 432 3890 liberos
454 3836 617 3891 habentibus
635 3839 790 3893 missionem
814 3839 863 3893 dat
871 3862 881 3908 ,·
900 3854 1021 3894 retentos
1048 3844 1079 3892 in
1102 3856 1199 3909 agrum
1226 3839 1415 3903 bysuntinum

329 3908 431 3966 mittit,
451 3906 543 3960 eodem
561 3908 643 3961 brevi
655 3923 791 3963 venturus
799 3912 945 3981 urbemque
955 3912 1115 3961 invasurus.
1149 3909 1287 3959 Narratio
1299 3906 1418 3975 longior

329 3976 364 4029 de
378 3978 468 4041 malis,
483 3996 554 4050 quae
573 3978 760 4048 Adi-ionopoli
779 4000 813 4034 er
831 3980 968 4033 seditione
986 3979 1019 4032 ob
1038 3996 1140 4032 nouum
1157 3980 1353 4041 imperatorem
1364 3993 1417 4028 aa·

330 4048 462 4099 stiterint.
498 4051 564 4100 Item
578 4051 748 4104 calamitates
763 4070 815 4121 pes·
833 4053 981 4102 Romanum
998 4052 1140 4120 imperium
1157 4061 1271 4119 propter
1295 4042 1417 4098 eundem

328 4117 394 4184 (28)Ι
433 4114 686 4189 Adrianopolitani
698 4119 864 4182 Alexandri,
884 4123 1039 4174 Moesorum
1055 4122 1140 4189 regis,
1165 4136 1241 4187 opem
1258 4119 1416 4167 invocant.-

330 4190 410 4239 cuius
427 4186 564 4241 adventus
586 4191 780 4245 Cantocueeno
798 4190 911 4242 multum
932 4191 1015 4242 obest.
1050 4191 1141 4241 Moesi
1160 4185 1313 4251 praedones
1328 4202 1346 4235 a
1360 4184 1420 4236 tto-

328 4260 420 4312 nonis
433 4260 536 4329 partim
553 4256 727 4327 caeduntur,
743 4263 848 4333 partim
870 4262 1021 4333 capiuntur
1043 4258 1109 4331 (opp
1145 4254 1422 4328 epistemonicon·
