3125 4900
328 290 413 377 536
723 316 1005 385 mmucmmu

175 478 317 551 uetusto
326 472 385 549 δός
412 474 629 554 ἀπειπαμένου
650 470 706 537 καί
731 468 866 557 ὕστερον
898 470 1149 557 πεπολεμηκότος
1182 471 1332 556 φανερῶς
1367 468 1438 534 καὶ

323 571 399 648 τούς
434 564 549 655 ὅρκους
576 570 823 647 καταλελυκότος
846 562 1019 657 προφανίός
1041 568 1098 633 καί
1114 566 1171 645 τός
1190 566 1341 652 σπονδὰς,
1362 569 1435 634 αύ-

324 668 380 738 τύν
398 668 443 755 μὴ
466 670 652 754 κεκινῆσθαι
671 668 749 757 πρός
769 668 885 755 ὄργὴν,
904 671 988 753 μηδὲ
1008 667 1342 751 όμύνεσδαιὲδέλειν,
1363 666 1434 731 ἆλ-

324 768 365 835 λδ
384 768 443 845 τοὶς
454 766 593 845 σπονδὰς
617 768 673 833 καί
696 766 771 844 τούς
792 764 907 853 ὅρκους
927 764 1091 850 ἇνανεοῦν,
1114 768 1170 831 καί
1186 768 1287 851 χάριν
1305 767 1433 831 duodo·

325 865 415 934 δύναι
447 872 502 952 τῆς
535 870 646 955 φιλίας
675 863 733 954 ύση
763 866 895 954 δυνατή.
935 862 976 934 dv
999 870 1036 933 δὲ
1055 867 1102 952 μή
1124 865 1273 951 nectimus
1294 864 1400 941 αύτός
1416 867 1452 948 ,5

323 970 407 1054 μηδό
431 968 632 1055 ἀφίστασθαι
653 970 748 1057 ε’θέλη
773 971 832 1033 τού
852 970 1087 1055 παρασπονδεῖν
1107 964 1164 1031 καί
1182 968 1314 1047 οἰδικεῖν,
1337 964 1429 1029 α’λλοὶ

324 1072 477 1157 πολιορκῇ
498 1065 555 1143 τός
575 1066 696 1150 πόλεις,
721 1066 766 1153 μη
789 1069 877 1156 αύτῷ
896 1066 1025 1150 ὲπύγειν
1045 1064 1159 1147 αἰτίαν,
1182 1056 1224 1133 ἂν
1245 1063 1433 1149 οἶμύνητσιι,

302 1168 376 1245 Βοός
399 1166 633 1253 παραβεβηκότι
650 1165 709 1245 τοὶς
725 1164 862 1243 σπονδὰς
872 1169 928 1231 καί
945 1166 1177 1251 ιῖγνονμονούντι
1205 1162 1287 1249 πρός
1304 1161 1365 1228 τόν
1387 1156 1435 1226 cai

327 1262 536 1351 πεποιηκότα,
563 1262 655 1352 ἦνίκα
675 1267 815 1347 μάλιστα
835 1268 947 1331 ἐδεῖτο.
988 1268 1121 1331 τοιαῦτα
1146 1265 1207 1345 μὲν
1229 1260 1434 1345 ύβασιλεύς

329 1366 536 1452 ἕπρεσβεύετυ
557 1363 638 1451 πρός
659 1368 803 1451 Κρύλην.
846 1361 915 1448 ἅμα
939 1367 974 1429 δὲ
994 1362 1079 1447 ἔχων
1098 1366 1156 1429 καί
1175 1362 1234 1447 τὴν
1254 1361 1475 1447 στρατιὰν,ιο

233 1460 661 1549 Ἷ.5ουπρόςΧριστούπολιν
680 1465 807 1549 ε’χούρει,
827 1464 884 1529 καί
900 1460 1183 1548 ἐστρατοπεδεύετο
1206 1465 1241 1528 ἐν
1256 1458 1347 1548 κούμη
1366 1462 1446 1526 τοῦ

330 1561 476 1648 Γαβριὴλ
488 1566 795 1652 προσαγορευομένῃ,
815 1564 860 1642 ὥς
873 1549 1064 1649 ἀφιξόμενος
1085 1564 1132 1637 είς
1151 1557 1260 1646 Φερὰς
1286 1559 1346 1625 καί
1362 1562 1437 1625 τοῖν

332 1657 437 1730 uillosa
457 1661 578 1729 πόλεων
602 1662 753 1749 πρόνοιαν
773 1660 994 1749 ποιησόμενος,
1014 1658 1089 1727 όσαι
1108 1656 1171 1725 ύπό
1192 1662 1253 1725 τού
1275 1664 1435 1745 Τριβαλι-

332 1768 392 1826 κού
413 1767 552 1844 πολέμου
573 1759 727 1847 ἔπραττον
747 1765 862 1838 κακούς.
904 1760 1024 1827 τούτων
1045 1762 1082 1827 δὲ
1104 1759 1345 1845 πραττομένων,
1368 1758 1435 1824 ’A-

333 1858 491 1939 πόκαοκος
522 1860 540 1925 δ
571 1866 672 1945 μέγας
693 1861 770 1941 δούξ
791 1861 877 1947 δρῶν
900 1855 962 1947 ἤδη
982 1858 1042 1937 τύς
1060 1864 1120 1942 μὲν
1138 1856 1349 1944 ἠπειρώτιδας
1367 1856 1474 1926 τιό-τό

334 1966 400 2037 λεις
421 1962 527 2037 πόσας
547 1960 819 2047 Καντακουζηνύν
838 1960 896 2026 τόν
915 1965 1050 2044 βασιλέα
1075 1956 1137 2044 ὕφ’
1159 1953 1276 2023 ἑαυτόν
1293 1980 1435 2042 πεποιη-

307 2065 450 2144 ΰμένον,
482 2058 538 2125 καί
567 2060 626 2145 τήν
653 2085 690 2126 τε
709 2061 885 2143 Ῥωμαίων
904 2058 1056 2145 στρατιὰν
1080 2058 1187 2141 όλίγου
1213 2057 1279 2121 δεῖν
1298 2051 1438 2121 ἅπασαν

334 2158 449 2241 ἔχοντα
482 2152 580 2224 αύτδν
608 2162 664 2223 καί
689 2155 848 2243 τοσαύτην
867 2157 930 2222 ύπὸ
951 2154 1210 2243 τῶνβαρβάρων
1229 2158 1437 2239 συμμαχῶν,

335 2260 392 2322 καί
408 2257 452 2333 οἷς
473 2256 630 2322 α’δύύατον
653 2258 740 2347 αύτῷ
763 2256 1164 2341 incantamentum-121&
1178 2257 1322 2341 ἠπείρου,
1342 2259 1438 2341 πρῶ-

335 2382 376 2425 τα
398 2358 458 2437 μὲν
487 2358 643 2439 ἐσκέψατο
667 2356 720 2422 διό
742 2358 799 2442 τῆς
819 2356 899 2441 πρὸς
925 2354 984 2433 τοὶς
1003 2356 1093 2433 δίκας
1114 2350 1278 2441 ύκριβείας
1296 2354 1358 2420 καί
1378 2359 1474 2424 όι-αο

338 2456 508 2545 καιοσύνης
536 2462 660 2524 πείίεειν
683 2462 882 2538 Βυζαντίους
911 2457 1002 2546 αύτῷ
1021 2459 1206 2542 προσέχειν·
1248 2453 1363 2521 ἔπειτα
1377 2461 1440 2522 καί

339 2565 443 2634 κεναῖς
464 2559 586 2623 ε’λπίσιν
606 2554 761 2642 ἐξηπάτα,
784 2552 891 2644 ιύσπερ
911 2559 946 2622 ἐν
966 2555 1101 2641 δνείροις
1120 2550 1379 2630 πλουσιωτάτους
1401 2557 1438 2633 ἐξ

340 2653 468 2744 ἀπόρων
488 2655 750 2744 ἐπαγγελλόμενος
769 2654 933 2748 ποιήσειν,
965 2649 1006 2723 ἂν
1033 2655 1091 2743 την
1111 2651 1231 2722 ὁλκάδα
1252 2653 1354 2744 στήσῃ
1376 2652 1437 2742 τὴν

415 2809 456 2848 ιο,
479 2799 507 2846 et
526 2811 568 2854 at.
588 2795 639 2847 sot
657 2795 719 2848 add.
738 2795 775 2853 Μ,

343 2909 403 2947 esse
437 2899 610 2948 memoriam:
652 2905 682 2951 et
706 2915 827 2970 aequum
858 2899 1003 2964 arbitrari,
1034 2897 1233 2952 beneficentiae
1262 2897 1436 2949 memtntsse.

343 2965 438 3033 Quare
456 2983 517 3018 cum
536 2967 585 3019 ille
602 2967 677 3037 apud
695 2968 857 3022 Berrhoeam
877 2971 975 3023 foedus
995 2977 1184 3030 retractasset,
1211 2985 1244 3020 ae
1259 2976 1359 3036 postea
1375 2983 1437 3018 ma-

343 3036 445 3088 nifesto
472 3051 546 3088 arma
573 3041 718 3102 movisset,
739 3043 899 3111 sancitaque
919 3041 1031 3094 foedera
1050 3049 1144 3110 aperte
1162 3039 1308 3100 violasset,
1326 3055 1387 3089 non
1406 3053 1436 3090 se

344 3106 385 3156 ira
406 3109 554 3170 exarsisse,
575 3109 720 3178 nequead
741 3111 890 3163 vindictam
909 3112 1083 3165 incumbere:
1110 3109 1160 3163 ced
1178 3126 1210 3159 ea
1228 3125 1362 3162 renovare
1381 3125 1437 3162 το-

344 3175 445 3240 Ιυὶειε,
470 3187 498 3228 et
524 3179 661 3232 amicitiae
692 3191 823 3250 quantam
848 3185 971 3250 potuerit
997 3186 1107 3251 gratiam
1132 3179 1268 3232 retulisse.
1305 3177 1437 3245 Quodsi

346 3248 464 3317 obsequi
487 3259 608 3311 recuset,
632 3262 781 3320 contraque
806 3254 902 3304 foedus
931 3270 1010 3320 agere
1033 3259 1063 3303 et
1089 3253 1216 3303 iniuriam
1244 3249 1348 3300 inferre
1374 3265 1436 3300 non

346 3317 470 3372 desinat:
488 3319 537 3370 sed
557 3319 638 3372 urbes
656 3321 785 3373 obsidere
804 3330 914 3392 pergat,
931 3339 967 3372 ne
985 3339 1014 3372 sc
1032 3323 1062 3374 in
1079 3324 1158 3390 eulpa
1176 3327 1278 3388 ponat,
1296 3327 1437 3389 tamqnam

345 3389 528 3458 foedifragum
558 3398 587 3442 ct
610 3393 746 3459 ingrutuur
772 3393 802 3443 iu
827 3395 898 3444 bene
923 3401 1074 3444 merentem
1101 3409 1197 3455 suom,
1233 3407 1290 3462 quo
1312 3399 1437 3458 tempore

346 3460 519 3528 potissimum
543 3479 573 3514 re
596 3462 686 3512 aliena
715 3463 831 3531 egebat,
856 3466 880 3514 si
906 3465 987 3515 armis
1006 3479 1107 3530 poenas
1128 3462 1321 3531 repoposcerit
1362 3461 1438 3510 Haec

347 3545 398 3597 per
424 3542 546 3583 oratores
567 3533 602 3583 ad
620 3533 727 3584 Cralcrn
748 3535 957 3601 imperatorem,
982 3534 1119 3604 simulque
1134 3549 1195 3583 cum
1215 3533 1337 3582 exercitu
1356 3530 1438 3581 Chri-

348 3601 477 3669 stopolim
496 3607 549 3656 iter
571 3603 701 3666 intendit,
721 3613 749 3654 et
768 3604 803 3654 ad
819 3606 908 3656 vicum
924 3605 1062 3658 Gabrielis
1082 3613 1169 3654 castra
1189 3605 1272 3664 locat,
1289 3610 1320 3653 ut
1337 3601 1439 3652 Pheras

348 3678 479 3724 venturus
508 3682 537 3726 et
571 3674 633 3724 aliis
664 3675 821 3726 civitatibus
852 3676 928 3727 bello
957 3674 1109 3728 Triballico
1135 3675 1238 3725 vexatis
1267 3672 1437 3740 provisurus·

349 3738 422 3790 Dum
451 3742 519 3794 haec
547 3753 692 3812 geruntur,
719 3753 830 3814 ma'gnus
850 3745 906 3797 dux
951 3745 1129 3814 Apocanulsut
1155 3745 1252 3796 videns
1277 3744 1333 3792 iam
1353 3741 1437 3792 urbes

351 3809 519 3866 continentis
553 3831 647 3866 omues
679 3816 896 3868 Cantacuzenum
920 3816 957 3865 nd
985 3817 1132 3883 imperium
1169 3830 1246 3867 ouum
1271 3811 1436 3875 traduxisse,

350 3879 557 3954 Romanumque
589 3887 737 3938 exercitrirn
767 3886 965 3956 propemodum
995 3889 1152 3937 universum
1176 3891 1205 3935 et
1231 3883 1322 3935 nihilo
1347 3882 1437 3933 minus

349 3965 408 4001 non
435 3952 540 4004 modica
567 3971 582 4006 τ
610 3954 732 4008 barbaris
760 3958 862 4008 auxilia
887 3957 1006 4018 habere,
1029 3957 1113 4027 eique
1136 3960 1165 4006 in
1184 3956 1347 4006 continente
1364 3953 1438 4004 baud

351 4039 491 4094 quiequam
529 4025 619 4075 resisti
652 4043 751 4095 posse,
784 4031 901 4094 primum
926 4027 1039 4097 quidem
1065 4043 1114 4095 per
1136 4025 1301 4092 diligentem
1321 4025 1390 4076 iuris
1408 4041 1439 4074 ac

351 4095 475 4148 institiae
501 4093 651 4147 custodiam
676 4098 820 4164 Byzantios
839 4097 874 4149 ud
891 4097 946 4148 sibi
972 4097 1219 4164 obtemperandum
1237 4096 1352 4148 allicere
1371 4095 1439 4146 deli-

350 4165 473 4218 beravit:
500 4164 599 4216 deindo
627 4183 675 4236 spe
700 4183 769 4218 rana
791 4183 837 4218 eos
855 4168 972 4231 delusit,
999 4169 1076 4218 velut
1093 4183 1142 4235 per
1163 4167 1304 4218 somnium
1322 4183 1359 4218 ex
1374 4183 1441 4236 pau·

349 4235 463 4322 pou'bis
480 4235 630 4292 ditisu'mos
656 4241 813 4300 σέλευαιιαω
830 4239 979 4310 pollicens,
1007 4238 1058 4294 ubi
1075 4237 1228 4297 σκυτεύειν
1247 4255 1264 4292 ι
1281 4239 1443 4298 unucui-
