3125 4900
261 350 270 367 ο
328 239 414 329 250
735 266 1015 338 muricum
1068 242 1076 263 ‘

181 426 391 510 tcuttnu’lt’
412 416 465 487 ὕπ’
485 423 592 489 αδτοόν
610 423 737 488 enesim
749 428 971 512 προδοθέντες,
989 419 1044 502 σός
1057 412 1411 511 ἤλπιζομενόχριπαν-

326 524 380 601 τός
399 520 474 609 ἡμῖν
492 528 766 606 συναγωνιεῖσθαι.
808 522 870 608 lyei
891 526 927 589 δὲ
947 527 1002 588 καί
1018 523 1169 611 πρότερον
1185 526 1245 607 μὲν
1258 524 1411 589 eddium

327 627 450 689 δίκαιον
475 614 557 685 εἶναι
580 615 744 707 ἡγησάμην
764 615 872 699 όπλοις
895 622 952 690 καί
971 625 1077 699 ἵπποις
1097 626 1153 687 καί
1176 620 1292 707 πλήθει
1312 646 1412 707 erpo-

326 724 397 797 τιός
426 716 581 805 dedicit,
618 717 698 785 α’λλό
726 723 767 808 τῇ
797 721 899 786 πόντα
919 720 1095 811 συνεχοόση
1114 722 1173 785 τοῦ
1191 722 1272 787 θεοῦ
1293 719 1409 809 ολμόχιρ

326 824 434 907 δεξιᾷ,
467 810 493 909 ᾧ
521 816 634 905 ῥᾴδιον
663 821 719 884 καί
743 818 819 897 τούς
847 819 937 905 όλίγα
956 822 1151 903 δυναμένους
1169 820 1232 885 τόν
1253 820 1433 899 πολεμίων5

325 918 484 1003 κρείττους
505 916 703 1003 ιλποφαίνειν,
725 918 782 983 καί
801 916 876 996 serie
896 922 976 1004 μέγα
996 921 1167 1006 φυσῶντος
1179 922 1409 995 καταστέλλειν,

324 1014 368 1083 όν
385 1020 429 1105 τῷ
448 1015 588 1101 περιόντι
607 1020 664 1100 τῆς
682 1015 849 1098 δυνάμεως
867 1016 1041 1102 ἐξάγονται
1061 1020 1119 1082 τοῦ
1137 1018 1277 1101 μέτρου·
1316 1012 1413 1098 μόλι-

294 1126 388 1183 cose
411 1120 447 1182 δδ
466 1118 547 1197 νυνί,
566 1114 661 1199 ἡνίκα
681 1114 785 1201 πόσης
797 1112 893 1202 όλλης
909 1120 1048 1193 ἐπινοίας
1063 1117 1327 1203 περιαιρεθείσης,
1349 1112 1412 1197 μό-

326 1240 367 1300 νη
397 1217 637 1279 καταλέλειπται
664 1213 742 1297 ἡμῖν
766 1214 788 1299 ἦ
816 1218 892 1300 περὶ
919 1214 976 1281 τόν
1002 1212 1081 1281 θεόν
1109 1216 1205 1291 ἐλπίς.
1253 1218 1411 1298 καίτοιγε

327 1316 409 1401 φαίη
430 1336 478 1387 τις
497 1308 554 1395 όν,
582 1310 627 1389 σός
647 1307 723 1377 odet
746 1317 811 1379 eoin
831 1316 1039 1401 α’νθρωπίνων
1059 1308 1189 1389 οὐδενός
1209 1310 1453 1397 η’μελὴσαμενιο

326 1406 440 1495 αότοί,
472 1410 554 1478 ἀλλὰ
581 1409 697 1496 πλήθει
724 1435 760 1477 τε
787 1415 848 1478 τόν
876 1416 1031 1496 πολεμίοιν
1051 1411 1270 1495 όπερέχουοαν
1288 1409 1413 1477 οἴκοθεν

325 1507 448 1593 ἔχοντες
476 1510 665 1594 κεκινημεδα
696 1508 849 1597 στρατιὰν
878 1514 934 1576 καί
949 1522 1014 1587 τοϊς
1033 1506 1138 1589 ἄλλοις
1159 1505 1259 1575 ἅπασι
1278 1512 1411 1593 βελτίω,

326 1608 384 1673 καί
410 1614 549 1697 φοβεροί
573 1633 654 1685 τινες
681 1600 760 1696 όχρι
784 1615 842 1675 νῦν
862 1610 919 1677 καί
939 1604 1060 1694 όμαχοι
1079 1616 1145 1683 τοϊς
1164 1611 1322 1690 πολεμιόις
1340 1609 1412 1674 s‘to-

326 1713 458 1793 κου’μεν,
499 1709 555 1775 καί
572 1708 665 1777 οόόὲν
686 1712 812 1776 οόδόπω
831 1713 929 1797 μέχρι
949 1714 1007 1774 νῦν
1025 1710 1059 1787 ἐξ
1079 1707 1232 1792 ἀβουλίας
1250 1703 1272 1791 ἢ
1289 1708 1411 1793 ἀπειρί-

327 1833 367 1885 ας
393 1805 576 1895 ἦμόρτηται
604 1808 689 1895 ἡμῖν.
736 1810 770 1874 εἰ
796 1812 828 1874 δ’
856 1808 947 1893 ἡμῶν
971 1805 1012 1873 τό
1034 1810 1144 1873 δέοντα
1163 1804 1338 1872 ποιούντων
1358 1802 1453 1872 nutui

326 1901 437 1991 όρθοῖς
453 1911 627 1991 χρωμένων
648 1912 821 1991 λογισμοῖς,
843 1906 872 1971 ολ
892 1903 1175 1993 συστρατευόμενοι
1192 1908 1233 1994 τῇ
1251 1909 1325 1991 περί
1337 1902 1413 1981 τοός

329 2006 464 2079 οἱκειλιος
483 2007 668 2094 συμπαθείᾳ
688 2008 1027 2087 καταμαλακισθέντες,
1055 2008 1192 2090 α’γεννῶς
1211 2002 1266 2069 καί
1285 2004 1414 2069 ἀνελευ-

295 2107 433 2189 λλδέρως
452 2101 698 2188 προσεχώρησαν
714 2113 781 2182 τοῖς
800 2108 969 2187 πολεραλιις,
991 2105 1029 2168 οὐ
1049 2104 1113 2191 χρῆ
1134 2103 1193 2189 τήν
1213 2104 1340 2169 ἐκείνων
1354 2126 1413 2167 κα-

325 2204 398 2267 κίαν
425 2206 465 2289 τῇ
484 2198 574 2286 ἡμῶν
594 2203 737 2292 εὐψυχίᾳ
757 2204 814 2269 καί
830 2207 931 2294 τόλμη
952 2204 1009 2269 καί
1027 2208 1174 2291 καρτερίᾳ
1194 2200 1325 2286 περὶτὰ
1347 2205 1413 2267 δει-

325 2298 365 2365 soi
389 2301 614 2381 λυμαίνεσθαι.
657 2304 769 2367 ἐκεῖνοι
788 2300 928 2391 μὲνγὰρ
950 2303 1028 2389 πρὸς
1048 2294 1096 2379 οἷς
1115 2302 1340 2388 δποστησονιαι
1355 2323 1452 2365 ιτα-πο

326 2404 392 2476 τοῖς
422 2397 648 2487 περιορώμενοι
674 2405 731 2468 καί
755 2400 1060 2490 προπηλακιζόμενοι
1087 2400 1142 2466 καί
1162 2400 1265 2466 πάντα
1296 2398 1413 2481 inond-

326 2521 450 2582 τοντες,
477 2495 538 2566 όσα
566 2499 642 2577 τοός
661 2497 743 2568 όπλα
763 2503 1030 2588 παραδεδωκότας
1051 2504 1182 2584 δίκαιον,
1203 2499 1251 2568 ότι
1267 2505 1323 2565 κατ’
1337 2497 1414 2583 ἡμίν

328 2599 422 2689 όλίγιρ
445 2595 578 2686 όστερον
605 2603 646 2666 ου’
665 2602 792 2689 φαύλην
813 2599 1156 2688 devoventium,
1189 2595 1415 2684 αἰσχυνόμενοι

331 2847 393 2902 dem
410 2852 556 2902 certamine
577 2851 658 2914 victi,
676 2854 726 2906 sed
743 2853 777 2906 ab
796 2854 852 2906 illis
874 2857 940 2928 ipsis
957 2855 1076 2926 proditi,
1095 2873 1163 2928 quos
1182 2857 1314 2926 perpetuo
1334 2851 1414 2903 mili·

330 2920 397 2972 tism
426 2919 569 2971 nobiscum
593 2922 757 2976 toleraturos
785 2927 995 2978 confidebamus.
1032 2931 1121 2998 litque
1147 2941 1197 2996 ego
1222 2939 1288 2975 sanc
1308 2939 1368 2975 eum
1386 2929 1414 2974 et

330 2997 411 3044 antea
430 3005 568 3059 nunquam
586 3007 644 3043 esse
662 2995 765 3047 iustum
786 2999 957 3061 censuerim,
974 3000 1053 3068 equis
1071 3005 1099 3048 et
1116 2999 1199 3048 ermis
1221 3001 1249 3045 ct
1265 2995 1351 3062 copiis
1370 2995 1414 3043 in-

330 3060 474 3180 gentibus,
491 3061 539 3112 sed
558 3065 650 3114 omniu
668 3066 760 3133 potius
779 3069 939 3121 continente
958 3075 986 3119 et
1003 3067 1211 3138 inexpugnabili
1227 3063 1339 3115 dextera
1363 3061 1415 3114 Dei

351 3129 435 3193 dere,
453 3133 498 3183 cui
516 3132 598 3184 facile
616 3142 657 3185 est
679 3139 762 3188 etiam
779 3151 876 3204 purum
897 3143 1023 3207 potentes
1038 3147 1066 3190 ct
1084 3139 1204 3191 infirmos
1222 3133 1347 3190 hostibus
1366 3149 1414 3184 su·

330 3203 452 3267 periores
472 3211 609 3270 praestare
635 3204 747 3276 sibique
764 3209 948 3276 praefidentes
975 3209 1136 3278 reprimere,
1157 3210 1180 3259 si
1197 3223 1279 3276 opum
1299 3219 1416 3274 exsupe-

331 3272 421 3322 rantia
438 3271 554 3325 limitem
574 3278 750 3340 transierint,
773 3293 847 3330 nunc
867 3281 1037 3348 potissimum
1057 3282 1095 3330 itu
1114 3293 1228 3340 censeo,
1255 3275 1365 3345 quaudo
1386 3275 1415 3324 in

331 3347 452 3392 extrema
480 3345 589 3396 consilii
616 3348 711 3415 inopis
737 3350 794 3400 sola
818 3367 879 3418 erga
899 3353 984 3402 Deum
1008 3351 1107 3402 fiducia
1130 3343 1211 3400 nobis
1231 3354 1322 3398 restet.
1358 3343 1415 3395 Etsi

329 3425 381 3460 nec
400 3410 580 3466 bumanorum
601 3417 752 3488 quidquam
766 3414 933 3490 neglectum,
951 3419 999 3474 sed
1019 3420 1099 3472 domo
1117 3435 1166 3470 nos
1186 3435 1245 3469 curn
1265 3414 1416 3467 maioribus

329 3489 359 3531 et
375 3497 425 3548 per
444 3485 536 3534 omnin
557 3487 778 3543 instructioribus
797 3494 898 3560 copiis,
919 3509 1000 3562 quum
1020 3491 1142 3542 bostium
1164 3495 1242 3548 sunt,
1260 3487 1414 3554 profectos,

331 3549 521 3604 formidabiles
541 3555 597 3607 illis
617 3568 646 3610 et
669 3562 788 3614 invictos
812 3562 903 3614 udhuc
925 3562 1101 3631 apparuisse,
1127 3560 1315 3625 hactenusque
1345 3553 1416 3605 nibil

329 3625 484 3675 temeritate
501 3633 550 3674 aut
569 3628 708 3695 imperitia
726 3647 741 3681 a
759 3632 841 3684 nobis
860 3641 1000 3701 peccatum
1019 3647 1077 3684 esse
1087 3667 1096 3693 ,
1122 3629 1214 3696 negari
1240 3642 1296 3678 non
1317 3629 1415 3694 potest

329 3688 415 3757 Quod
433 3694 457 3743 si
480 3696 562 3762 nobis
584 3708 657 3751 recte
677 3705 907 3756 ratiocinantibus
935 3711 962 3754 et
991 3703 1067 3770 quod
1091 3698 1206 3752 decebat
1230 3695 1418 3756 incientibus,

329 3761 530 3816 commilitones
549 3771 636 3819 nostri
654 3773 842 3826 misericordia
862 3790 922 3840 ergo
939 3775 1109 3842 propinquos
1126 3769 1257 3830 emolliti,
1284 3775 1315 3817 ut
1333 3764 1419 3886 ‹lepe-

326 3843 408 3912 peres
430 3839 459 3883 et
476 3835 589 3888 minime
609 3841 737 3910 ingenui,
755 3863 818 3895 cum
838 3843 962 3895 hostibus
982 3860 1009 3896 se
1023 3845 1241 3900 coniunxerunt,
1259 3855 1316 3888 non
1335 3837 1368 3887 de
1390 3845 1419 3890 et

328 3915 456 3975 ¹P⁸⁰ffl¹¹3
472 3904 605 3958 timiditas
623 3921 652 3963 et
670 3913 776 3982 ignavia
796 3915 1008 3982 imperterritum
1027 3915 1176 3964 animorum
1187 3917 1341 3962 nostrorum
1362 3923 1418 3958 me-

328 3971 501 4040 stitudintm
523 3985 552 4028 ct
575 3982 604 4030 in
622 3985 725 4049 asperis
753 3985 928 4037 tolerantium
954 3983 1110 4051 depravere,
1146 3981 1213 4031 Nsun
1242 3977 1281 4028 illi
1310 3985 1419 4043 praeter

328 4055 361 4093 ea
379 4044 469 4106 mala,
495 4062 565 4114 quae
584 4053 776 4118 sustinebunt,
809 4071 869 4105 cum
889 4053 1074 4120 despicientur
1093 4059 1121 4104 et
1141 4049 1339 4102 contumeliose
1358 4047 1419 4097 irri-

328 4111 466 4170 debuntur
485 4127 513 4167 et
530 4123 621 4171 omnia
640 4127 796 4190 potientur,
819 4140 888 4194 quoe
909 4141 963 4174 non
984 4124 1084 4175 iniuria
1103 4124 1261 4190 potiuntur,
1280 4118 1329 4188 qui
1346 4133 1418 4168 arma

326 4183 520 4252 tradiderunt,
548 4191 661 4262 iusuper
684 4193 764 4248 nobis
790 4197 954 4264 paulopost
975 4209 1031 4246 non
1049 4195 1157 4264 vulgare
1177 4189 1282 4242 dabunt
1312 4186 1418 4258 suppli·
