3125 4900
436 262 721 332 ιιιειοιιιιιιιυιι
751 267 806 333 ιιι.
826 266 876 340 uo.
1111 223 1191 342 341

116 407 271 498 σομένας,
292 413 384 482 λλεων
407 415 515 490 ου’τοῖς
537 417 763 499 έπιβλέμαντυς
782 419 870 486 θεοῦ.
898 413 971 492 τοῦς
992 417 1052 501 γὰρ
1074 423 1259 506 uniam-nc.
1273 429 1337 507 τῖλε

116 515 385 604 κυῦνταςιτοῦτοις
400 514 549 597 Μυσοῦς,
571 518 605 581 έν
626 513 827 600 προσχήματι
847 520 954 600 φιλίας
977 521 1032 583 κατ’
1050 516 1107 602 την
1130 545 1193 582 πα·

116 620 237 702 ροῦσαν
254 611 376 680 ἔνδειαν
395 609 615 697 ἐπαγαγόντας,
636 617 671 680 ἐν
693 609 768 678 ἑπτὰ
789 623 857 688 ταῖς
877 616 1038 696 ἐσομέναις
1058 618 1193 699 μάλιστα

113 714 256 801 ἡμέραις·
269 717 509 793 συμπατοῦντας
528 705 647 794 ὄψεσθε
666 709 816 798 ἀλλήλους
836 715 892 777 καί
910 717 997 802 φυγῇ
1016 713 1073 798 τὴν
1092 741 1193 800 σωτη-

95 817 189 898 5ρίαν
220 814 443 902 ποριζομένους
472 814 527 876 κατ’
551 814 614 876 suiv
641 809 855 896 περισχόντων
880 812 1096 890 ἀπαλλάξεσθε
1128 817 1210 889 dass

110 913 189 976 νῦν.
213 911 248 974 -o‘
276 913 334 991 μὲν
356 903 413 974 οῦν
433 912 654 994 μετροπσλέτης
674 914 804 976 τοιαῦτα
825 904 911 974 εἶπε·
939 914 1017 980 πᾶσι
1036 915 1071 976 δὲ
1092 899 1191 986 εῦθός

112 1011 233 1092 ἀπῆλθε
260 1005 371 1089 βελτίω
399 1010 574 1096 προσόοκᾷν
604 1007 660 1072 καί
687 1011 742 1091 τῆς
775 1008 917 1090 ἀθυμίαις
938 1006 1218 1093 ἀπηλλάττοντοὊ
1275 1068 1280 1077 .

43 1189 46 1194 Α
112 1101 230 1194 ᾔιλεσαν
251 1105 312 1190 γὰρ
327 1103 429 1172 ansb
450 1106 489 1172 τά
511 1111 662 1186 μέλλοντα
682 1109 802 1194 εἰδέναι
818 1111 958 1189 μᾶλλον,
991 1102 1069 1192 sisai
1091 1133 1191 1192 παρε-

113 1201 273 1290 ληλυθότα
302 1209 422 1290 ἓτερον·
450 1208 505 1269 κατ’
526 1205 567 1280 τός
586 1203 817 1296 προφητεῦσντι
842 1215 1008 1290 προσεῖχον
1031 1212 1188 1292 φανερῶς.

67 1303 336 1387 ,ιοάιηπόρουνῦὲ
357 1301 385 1386 ὅ,
407 1329 437 1368 τι
451 1300 492 1384 ἀν
517 1303 568 1388 εἴη
588 1303 624 1368 τό
648 1310 775 1382 Μυσοῖς
797 1303 893 1370 αἴτιον
906 1303 1053 1387 ἐσόμενον
1077 1295 1189 1392 φυγῆς.
1217 1302 1220 1309 ’

112 1399 184 1467 d'd'
205 1395 300 1477 αῦτός
319 1401 486 1487 ἀρχιερεῦς
512 1405 569 1466 καλ
592 1404 781 1492 Ἀποκαῦκηι
808 1406 852 1492 τῷ
877 1405 1006 1493 μεγάλῳ
1035 1402 1125 1468 ῦόυκί
1158 1403 1190 1469 ἔ-

109 1517 214 1588 γραψε
228 1505 373 1584 τοιαῦτα,
389 1501 432 1578 τός
458 1503 601 1586 ἀποροίη,
617 1497 689 1566 droa
711 1507 803 1568 ἕνεκα
823 1511 934 1589 πεῖραν
954 1498 1052 1568 αῦτοῦ
1073 1501 1189 1569 πολλό-

109 1625 160 1676 κις
182 1605 219 1668 ἐν
245 1607 370 1676 πολλοῖς
386 1598 538 1685 πρότερον
567 1597 728 1686 ἐσχηκός,
762 1601 819 1667 κατ’
844 1605 907 1666 τῶν
933 1605 1104 1688 εἰρημένων
1130 1601 1188 1688 τὴν
1222 1614 1228 1628 ’

109 1699 239 1781 ἔκβασιν
258 1699 313 1762 οῦκ
335 1702 380 1773 εἰς
399 1696 545 1784 μακρόν,
566 1701 703 1774 οὔδ’,εἰς
721 1698 826 1783 ἕτερόν
848 1696 931 1782 τινα,
955 1699 1022 1766 ἀλλ’
1046 1702 1092 1776 εἰς
1111 1696 1188 1765 ban·
1283 1719 1287 1726 “

73 1797 165 1862 ι5τόν
192 1795 269 1862 λῦσόν
296 1801 476 1883 σαφέστατα
505 1799 726 1882 γεγενημένην,
759 1804 816 1864 νῦν
836 1794 981 1884 ἀπιστοίη
1008 1797 1187 1864 παντάπασι

107 1895 166 1962 καί
183 1897 293 1978 λόγους
324 1897 517 1982 οἴοιτοέἰκῇ
541 1900 724 1980 λεγομένους
754 1900 794 1975 rai
822 1900 969 1984 εἰρημένα
996 1898 1051 1963 s‘ns'
1078 1901 1187 1964 αῦτοῦ.

106 1993 203 2070 αῦτός
227 1997 263 2058 δὲ
282 1995 384 2059 καίτοι
402 1992 446 2086 μη
468 1997 648 2084 βουλομένην
672 1999 860 2074 πειθεσθαι,
886 1997 979 2060 oeten
991 1991 1084 2082 ἦττον
1103 2020 1186 2078 συμ-

105 2093 307 2174 βουλεύσειν,
337 2090 359 2156 ἀ
392 2091 475 2180 αὐτῷ
499 2116 535 2156 τε
560 2097 615 2163 κατ’
638 2094 812 2175 Ῥωμαῖοις
841 2087 940 2159 ἅπασι
974 2093 1185 2180 λυσιτελήσειν
1193 2105 1218 2157 Ρ.
1227 2107 1280 2178 ⁵³9

105 2191 216 2284 οἴεται,
254 2195 491 2276 ἐκναλυφθῆναι
505 2191 572 2276 ’γάρ
598 2192 685 2280 crispi
704 2191 790 2278 παρὰ
808 2197 906 2275 θεοῦ,
937 2191 980 2268 ὥς
994 2195 1057 2257 erin
1071 2196 1184 2286 έκείνιρ

65 2295 241 2371 αυμιῖλλον,
266 2288 345 2354 ἀλλά
355 2292 619 2376 Καντανουζηυηλ,
639 2294 683 2376 sigi
695 2291 769 2372 supin
787 2288 847 2372 μὲν
858 2291 984 2379 μεγάλιρ
999 2281 1183 2380 ἀομεότῖκιρ,

101 2392 171 2455 νυνί
196 2391 232 2453 di
253 2394 382 2472 βασιλεῖ
407 2389 613 2476 γεγενημένῳ,
651 2386 686 2452 τό
707 2400 770 2467 τοῖς
793 2395 946 2472 βασιλέως
975 2389 1083 2456 παισίν
1114 2395 1184 2455 ε’πι-
1233 2456 1238 2465 ,

48 2522 52 2535 ·
100 2487 262 2571 τρυπεῦειν
289 2489 345 2551 κατ’
375 2483 619 2567 συμβασιλεύειν
654 2476 813 2571 προσηνει.
865 2488 915 2550 διό
947 2490 1003 2551 κατ’
1030 2488 1183 2553 δεδόσθαι

99 2586 186 2669 παρὰ
210 2589 298 2650 θεοῦ·
321 2587 425 2672 ἐκείνῳ
446 2588 480 2649 di
502 2580 555 2665 ὑπ’
574 2586 692 2673 ἐκεῖνον
712 2580 794 2661 εἶναι
816 2589 872 2649 κατ’
891 2584 966 2667 περὶ
983 2589 1061 2661 ναῦς
1082 2587 1181 2667 ἀσχο-

100 2690 224 2751 tenum
251 2688 306 2749 κατ’
334 2688 611 2767 θαλασσοκρατεῖν.
652 2680 861 2781 συνεβούλευέ
888 2708 924 2747 τε
956 2681 1088 2767 ἔχεσθαι
1118 2686 1180 2750 τοῖν

97 2876 179 2935 stunt,
199 2885 278 2942 qnae,
297 2872 354 2923 Deo
366 2868 493 2939 propitiis
514 2868 600 2922 oculis
614 2869 793 2939 respiciente,
809 2871 886 2926 brevi
906 2872 937 2924 in
951 2872 1070 2925 nihilum
1083 2887 1177 2925 casura

97 2944 158 2995 sint
196 2940 305 2995 Moesus
321 2942 423 3011 quippe
440 2943 507 2991 istas
532 2938 686 2993 obsessores
706 2949 734 2993 et
754 2940 870 2994 obtentu
890 2943 1027 2994 amicitias
1045 2958 1176 3011 praesen·

96 3012 130 3062 tis
156 3021 281 3065 suctores
310 3014 435 3079 inopiae,
463 3018 565 3078 septem
591 3012 701 3062 omnino
730 3008 828 3063 diebus
852 3012 952 3063 futuris
973 3011 1037 3081 fuga
1058 3012 1174 3062 salutem

94 3090 219 3150 petentes
237 3092 320 3153 atque
341 3081 413 3131 inter
431 3096 459 3133 se
477 3078 672 3132 'conculcantes
696 3082 815 3133 visuros:
838 3089 867 3133 et
893 3082 994 3151 quibus
1020 3098 1093 3132 nune
1121 3082 1175 3129 cir·

94 3153 254 3205 condentur
272 3152 359 3214 maiis,
376 3151 434 3203 fore
452 3149 561 3201 liberos.
589 3150 662 3201 Haec
680 3156 711 3200 ut
727 3151 901 3218 metropolita
920 3151 1059 3219 disseruit,
1079 3165 1173 3200 omncs

94 3224 237 3275 confestim
255 3225 344 3293 posita
362 3220 473 3273 tristitia
482 3258 492 3281 ,
508 3235 582 3286 spem
603 3219 729 3271 fortunas
746 3222 867 3273 melioris
883 3219 997 3289 ingressi
1014 3224 1085 3271 sunt
1113 3218 1173 3269 Nn·

94 3302 153 3344 sant
170 3294 323 3364 siquidem,
350 3292 533 3359 perspectione
551 3306 609 3341 esse
630 3288 671 3339 iiii
692 3289 800 3349 futura,
827 3306 907 3358 quarn
926 3290 988 3341 aliis
1007 3290 1171 3357 praeterita:
1238 3304 1242 3313 ·

94 3370 121 3412 et
139 3373 192 3415 tom
216 3380 275 3414 unm
298 3362 353 3413 vati
371 3364 475 3411 animos
494 3359 582 3411 eidem
602 3361 689 3425 pulum
707 3358 893 3411 attendebant
931 3358 985 3412 Cur
1001 3374 1064 3409 vero
1082 3358 1171 3411 Moesi

92 3430 177 3503 fugam
196 3382 302 3487 ῦεειιιιί
317 3432 424 3493 essent,
444 3428 478 3480 de
496 3428 548 3480 hoo
564 3428 745 3496 ambigebant:
766 3430 855 3481 sidem
875 3431 990 3482 antistes
1007 3428 1171 3496 spoeaucho

92 3518 186 3571 magno
212 3504 274 3557 duci
298 3505 328 3555 in
350 3502 421 3552 bano
444 3499 608 3551 sententiam
635 3499 750 3567 scripsit
793 3502 855 3552 Nou
883 3499 975 3551 videre
1000 3515 1045 3561 se,
1071 3514 1170 3566 quam-

92 3573 183 3625 obrem
206 3576 248 3625 cni
267 3573 497 3625 snidocumenta
520 3572 600 3634 faepe
627 3568 656 3620 in
682 3570 777 3620 multis
801 3568 957 3631 habuisset,
980 3566 1169 3638 dictorumque
1199 3570 1207 3612 i

90 3658 200 3695 suorum
219 3652 343 3697 eventum
361 3658 415 3693 non
434 3642 463 3690 in
480 3640 590 3704 longum
610 3638 739 3701 dilatum,
768 3654 820 3689 nec
842 3637 877 3689 ad
901 3640 986 3699 aiios,
1010 3638 1060 3689 sed
1081 3638 1116 3688 ad
1138 3654 1168 3691 sc

90 3715 254 3777 pertinuisse
273 3710 492 3765 manifestissime
510 3708 608 3770 sciret,
634 3724 708 3759 nune
728 3711 837 3776 penitus
851 3706 932 3760 fidem
950 3710 1005 3761 sibi
1022 3708 1169 3777 denegaret

91 3790 118 3831 et
134 3800 183 3850 pro
202 3784 291 3837 serbis
310 3782 437 3835 inanibus
458 3778 587 3839 duceret,
615 3792 684 3845 quae
703 3777 869 3832 dicerentur.
905 3780 986 3832 Porro
1004 3796 1050 3841 se,
1069 3795 1168 3847 qnam-

91 3867 169 3920 qunru
190 3855 352 3923 refraganti,
369 3852 458 3903 nibifo
474 3848 566 3899 minus
581 3862 650 3916 qraae
670 3863 730 3898 cum
749 3850 815 3917 ipsi,
834 3857 890 3900 tum
910 3852 1029 3901 Romano
1049 3848 1165 3917 irnperio

90 3922 215 3975 universo
231 3923 380 3975 conducere
398 3920 526 3979 sentiret,
545 3917 660 3969 suadere
677 3919 756 3975 veile.
800 3918 859 3975 Sibi
885 3921 956 3971 enirn
975 3936 990 3968 a
1009 3918 1067 3971 Deo
1090 3919 1166 3970 indi-

90 3998 196 4055 cutum,
223 4010 278 4045 nou
304 3996 371 4061 ipsi,
397 4006 488 4043 verum
514 3988 721 4049 controuerso,
746 3989 795 4057 qui
817 3991 894 4056 prius
911 3990 1002 4058 magni
1022 3988 1165 4041 domestici

89 4074 185 4113 munus
212 4064 353 4133 gessisset,
371 4078 443 4114 nunc
460 4058 617 4127 imperatori
638 4062 814 4119 renuntiato,
831 4061 976 4113 convenire
994 4059 1164 4127 imperatoris

90 4128 210 4184 defuncti
238 4133 332 4185 tiberis
357 4141 474 4183 tutorem
505 4144 566 4180 esse
595 4136 623 4181 ct
641 4144 693 4181 nna
712 4145 771 4179 cum
790 4127 1005 4198 iffis'insperare.
1042 4126 1118 4179 Unde
1136 4134 1165 4178 et

87 4196 139 4251 bac
163 4205 189 4255 ei
211 4203 345 4256 divinitus
365 4202 472 4255 datum:
501 4198 555 4269 ipsi
574 4206 666 4255 antem
684 4198 773 4255 eidem
795 4198 905 4254 subesse
923 4207 953 4253 et
968 4215 1024 4253 rem
1041 4198 1164 4257 nasaism
1227 4246 1231 4254 ,
