3125 4900
479 332 766 399 HISTORIARUM
797 340 852 400 111.
883 345 935 409 20.
1151 338 1231 421 129

145 518 184 558 κα
197 494 256 557 καί
267 493 362 575 βίαια
376 493 431 553 καί
443 492 614 553 διανοεῖται
628 492 684 552 καί
690 489 835 575 πράττειν
846 482 907 574 ἤδη
919 485 1075 577 ὥρμηται,
1089 494 1145 555 τοῦ
1157 497 1261 563 noi-s
1271 510 1302 562 c.
1314 510 1375 579 μη,

143 594 184 657 id
212 586 425 677 πεφιληκότος
450 591 605 670 βασιλέως
631 591 687 652 καί
711 592 766 653 ἐπί
783 592 864 673 μέγα
886 587 976 672 όόξης
1005 588 1233 676 προαγαγόντος

144 691 264 767 α’δίκως
287 684 495 771 ἀμειβόμενος
514 683 588 763 serie
607 691 724 763 παῖδας
756 690 795 753 ου’
813 688 910 771 μόνον
929 693 984 774 τῆς
1003 690 1125 773 ἀρχῆς,
1148 688 1229 753 α’λλό

143 789 199 855 καί
218 793 275 873 τῆς
297 790 378 871 ζωῆς
402 781 503 870 αὐτῆς
525 786 726 871 ἀποστερῶν,
747 790 803 871 τήν
823 813 858 851 τε
877 786 1002 873 γνώμην
1015 786 1259 875 ἑβδελυξόμηνῠ

120 888 188 968 5ιός
219 885 386 969 ω’μοτότην
415 885 471 949 κατ’
495 885 719 971 ἀγνωμοσύνης
738 887 891 968 ου’όέμιόιν
907 892 1111 953 ἐλλείπουσαν
1131 889 1231 973 όπερ-

141 984 258 1069 βολην,
280 984 336 1049 καί
356 982 454 1049 odedu
475 986 514 1049 ου’
534 987 596 1049 τοῖν
618 987 719 1071 φίλων
741 982 846 1070 οἵσπερ
867 985 1037 1072 πρότερον,
1062 985 1144 1050 etro
1165 990 1228 1051 τῶν

140 1081 386 1167 πολεμιωτάτων
413 1080 508 1167 ἔγνων
537 1085 603 1148 κλεῖν
630 1083 790 1166 ἡγεῖσθαι.
835 1088 972 1165 νομίζων
996 1087 1031 1150 δὲ
1050 1087 1095 1168 μη
1118 1089 1171 1150 καί
1191 1090 1228 1150 σὲ

142 1184 336 1249 τὰτοιαῦτα
356 1182 479 1265 α’γνοεῐν
499 1183 562 1245 τῶν
585 1176 668 1247 πάνυ
690 1186 822 1267 καιρίων
843 1179 946 1265 εἶναι,
976 1181 1041 1267 ἥκω
1073 1186 1228 1267 ἀπαγγέλ-

144 1290 224 1362 λων,
251 1284 291 1347 ΐν’
324 1283 359 1345 ἐκ
387 1284 449 1345 ταῖν
477 1280 643 1365 παρόντων
671 1284 852 1365 σκεψαμένη
883 1278 920 1345 osi
940 1280 1036 1363 μόνον
1055 1283 1154 1367 πότην
1174 1283 1229 1347 καί

104 1384 260 1456 ιοποίόας
284 1378 461 1467 όιασοόσης,
485 1374 565 1445 ἀλλὰ
587 1380 643 1445 καί
661 1379 719 1464 την
740 1374 838 1465 ἄλλην
859 1375 988 1446 όπασαν
1008 1384 1228 1465 συγκινδυνεύ-

143 1504 241 1547 ουσαν
260 1474 393 1567 όρχήν.”
432 1477 598 1564 ἧβασιλίς
620 1483 654 1545 δὲ
682 1474 785 1563 ιόσπερ
815 1483 1065 1565 ἐκπεπληγμένη,
1099 1480 1225 1564 λόγους,

142 1578 300 1665 ἔφασκεν,
331 1576 480 1655 αἰιοόειν,
518 1582 603 1653 οἴους
626 1578 693 1643 odd‘
722 1577 823 1642 αότόν
849 1575 902 1643 τόν
927 1584 1038 1655 κακίας
1055 1579 1227 1665 ἐφευρετην

141 1670 182 1745 όν
206 1700 283 1741 ποτε
316 1674 506 1761 δυνήσεσθαι
526 1676 618 1766 ηληόη
638 1678 714 1762 περί
731 1676 868 1760 μεγάλου
891 1677 1076 1756 δομεστίκου
1102 1680 1223 1742 πείσειν

142 1774 376 1859 ἐπιχειρήσειν,
418 1774 462 1851 (ὃς
491 1774 585 1851 κακός
613 1778 726 1853 ἐκεῖνος
746 1780 822 1860 περί
840 1772 941 1860 aetia
960 1775 1015 1839 καί
1034 1778 1143 1839 παισίν
1162 1778 1316 1847 ἐπι-9415

100 1873 302 1958 ιδβοσλεόων
319 1879 472 1957 βασιλέως
492 1874 548 1941 καί
566 1879 620 1959 τῆς
641 1878 828 1958 θαυμαστῆς
852 1876 969 1958 ἐκείνης
991 1872 1099 1960 φιλίας
1120 1899 1228 1937 τοιον-

138 1997 200 2048 τας
217 1972 355 2058 χάριτας
374 1974 556 2049 οἷποιλιὸοός,
603 1979 661 2039 τοῦ
680 1974 881 2060 πατριάρχου
916 1975 951 2039 δὲ
978 1972 1034 2037 καί
1057 1974 1159 2039 adseri
1187 1980 1226 2039 τό

137 2066 195 2138 ἴσα
230 2068 402 2159 φάσκοντος
437 2075 471 2139 ἐν
502 2075 589 2160 α’ρχῇ
616 2076 807 2139 πεπονθέναι
837 2072 914 2158 πρὸς
943 2070 983 2136 τό
1012 2075 1085 2158 περί
1107 2073 1226 2137 ἐκείνου

141 2174 290 2257 εἰρημένα
310 2172 366 2235 καί
383 2182 447 2247 τοῖς
468 2176 615 2256 λέγουσιν
634 2175 798 2250 οἷπιστεῑν,
822 2174 859 2235 ori
884 2170 932 2246 δίς
951 2174 1006 2235 καί
1023 2168 1163 2255 serpsisse
1174 2195 1227 2235 eo·

141 2270 283 2349 σοότων,
305 2269 386 2337 α’λλιὶ
407 2272 463 2335 καί
483 2270 787 2353 πολλαπλασιόνων,
818 2262 839 2353 ἢ
859 2266 928 2335 ὅσοι
950 2265 1225 2354 προσεληλύθασιν

99 2362 243 2456 κσαότῇ,
275 2370 339 2433 τεόν
363 2370 533 2455 εἰρηκότων
567 2360 677 2434 όντων.
722 2367 820 2433 ἔπτατ’
840 2367 1053 2454 ἐπιστήσαντα
1074 2366 1129 2431 τόν
1151 2372 1320 2431 νοόνλί336

142 2467 196 2532 κατ’
220 2475 285 2541 τοῖς
315 2469 539 2552 τραπομένοις
569 2471 706 2554 όκριβιός
722 2464 1060 2553 προσεσχηκότα,·τη“ν
1082 2469 1227 2551 όιαστρο-
1325 2463 1330 2476 ’

140 2564 206 2661 quis
231 2569 287 2650 τῆς
314 2566 439 2652 γνιόμης
468 2574 675 2650 καταμαθεῖν.
723 2570 778 2630 καί
797 2572 969 2632 πείθεσθαι
991 2567 1153 2643 ιῖξιοόντος
1173 2565 1229 2630 καί

141 2663 240 2748 πότην
260 2666 316 2732 καί
333 2665 377 2752 μη
401 2669 477 2754 περί
497 2663 681 2754 πράγματος
703 2661 787 2732 οότω
808 2663 860 2732 τόν
879 2669 1022 2731 κίνδυνον
1044 2661 1119 2753 α’ξόν
1139 2662 1227 2749 ἔχον-

222 2868 243 2905 r·
262 2852 310 2903 soi
328 2858 392 2905 ante
413 2849 572 2908 διανοεῖται
590 2869 642 2905 om.
659 2851 696 2904 Μ.
786 2857 810 2923 4.
829 2855 877 2919 trie
894 2870 947 2908 orn.
964 2854 992 2909 P.

140 3012 330 3056 munerantem
349 3005 420 3059 filios
438 3006 625 3072 imperatoria,
651 3021 741 3075 sqoo
759 3013 903 3074 tantopere
924 3005 1040 3058 dilectus
1065 3011 1093 3056 et
1110 3005 1146 3058 ad
1170 3013 1226 3057 tam

141 3073 267 3124 ineiiturn
294 3075 432 3143 fastigium
457 3083 564 3126 evectus
588 3083 645 3128 est:
670 3073 736 3124 durn
760 3091 806 3126 eos
833 3092 887 3126 non
911 3077 994 3128 modo
1020 3076 1154 3143 irnperio,
1179 3068 1227 3124 aed

139 3143 196 3193 rita
214 3144 297 3193 etiam
316 3147 422 3210 privare
439 3147 581 3212 molitur‚)
606 3145 822 3198 crudelissimum
841 3146 899 3198 eius
917 3154 946 3198 et
963 3159 1045 3213 supra
1065 3161 1147 3213 quesn
1165 3158 1227 3193 cre-

141 3209 230 3263 dibile
252 3220 310 3274 est,
326 3231 481 3283 perversum
498 3216 643 3266 consilium
660 3225 817 3275 execratus,
836 3232 891 3266 uon
910 3217 1076 3274 amicorum,
1094 3221 1127 3263 ut
1140 3213 1227 3283 prius,

139 3283 188 3333 scd
213 3281 333 3336 hostium
360 3285 599 3338 infestissimorum
624 3303 736 3337 numero
761 3285 917 3338 ducendum
938 3284 1098 3334 existimari.
1144 3285 1226 3333 Batus

138 3367 236 3420 porro,
258 3369 309 3404 nec
326 3360 353 3404 te
372 3355 492 3418 nescire,
511 3370 591 3425 quarn
609 3355 678 3408 hace
697 3357 814 3408 exitiosa
831 3356 902 3417 sint,
918 3353 973 3405 tibi
990 3352 1103 3403 nuntius
1121 3352 1227 3414 adsum,

138 3429 171 3474 ut
187 3437 237 3490 pro
257 3429 379 3494 tempore
398 3426 617 3506 circumspicias,
651 3425 879 3494 quemadmodum
898 3433 926 3476 et
941 3433 970 3476 tc
995 3431 1024 3475 ct
1047 3430 1141 3491 gnatos
1164 3431 1226 3475 tuos

138 3499 276 3544 ettotam
297 3495 439 3561 imperium
459 3497 487 3548 iu
511 3493 586 3548 adam
605 3495 749 3548 discrimen
772 3497 925 3547 coniectum
943 3509 1039 3546 serves.
1085 3491 1155 3543 'fum
1176 3495 1227 3544 im·

137 3562 259 3630 peratrin
276 3565 409 3617 attonitae
427 3564 541 3627 sinitis,
560 3564 627 3616 talis
646 3582 675 3616 ae
693 3565 727 3616 de
748 3582 844 3634 magno
863 3563 1013 3616 domestico
1032 3561 1126 3612 andire
1145 3561 1225 3624 dixit,

138 3633 232 3700 qualia
258 3649 399 3704 nunquam
427 3637 571 3704 cogitasset
594 3633 628 3686 dc
660 3651 692 3688 εο
717 3634 770 3686 sibi
815 3633 960 3687 erauadere
993 3641 1152 3683 conaturum
1181 3631 1226 3684 vel

138 3700 228 3768 ipsum
247 3703 380 3754 scelerum
408 3706 528 3757 omnium
553 3713 670 3757 satorem
698 3713 725 3756 ct
748 3653 941 3768 cadurcium,
969 3699 1121 3754 diabolum:
1150 3697 1225 3772 quod

138 3771 268 3824 nimirum
287 3773 341 3825 sibi
359 3774 476 3826 infestus
503 3784 532 3828 et
553 3773 697 3828 insidiator
714 3773 866 3826 liberorum
893 3772 1065 3841 imperatoris
1094 3789 1152 3840 pro*
1173 3792 1226 3824 no-

138 3838 190 3895 bili
210 3842 259 3893 ilfa
278 3843 398 3895 amicitia
416 3847 486 3898 uses
504 3845 619 3898 referret
636 3845 741 3914 gratiss.
778 3843 940 3911 Excipiente
959 3842 1129 3913 patriarcha,
1156 3859 1225 3895 eun-

138 3909 199 3964 dem
224 3912 308 3964 fuisse
334 3927 442 3966 sensum
465 3930 543 3966 suum
570 3913 605 3966 ab
629 3915 727 3976 initio,
753 3930 815 3966 cum
838 3913 905 3965 haec
930 3913 964 3966 dc
986 3929 1019 3965 eo
1044 3912 1170 3974 audiret,
1196 3915 1225 3964 et

135 3983 311 4034 nerrantibus
328 3984 438 4036 eredere
456 3985 622 4057 nequivisse,
639 3985 758 4056 quinon
779 3991 822 4034 ter
840 3990 945 4053 quater,
961 3982 1009 4036 sed
1027 3983 1121 4034 multia
1139 3985 1225 4051 parti-

135 4050 188 4102 bus
207 4051 299 4120 plurcs
326 4053 457 4118 fuissent,
485 4071 565 4126 quam
589 4073 663 4108 nunc
691 4052 727 4104 ad
753 4069 812 4105 eam
837 4055 1043 4117 convenissent5
1069 4061 1147 4122 post,
1172 4051 1220 4102 ubi

136 4123 256 4173 animum
291 4123 456 4192 applicuerit
494 4133 522 4177 ct
550 4123 585 4176 ad
609 4133 669 4177 aeta
698 4122 844 4190 diiigenter
867 4123 1030 4185 attenderit,
1061 4122 1222 4190 pravitatem

134 4192 238 4244 mentis
258 4193 316 4245 eius
338 4193 487 4258 didicisse,
530 4211 590 4246 uam
609 4202 686 4248 utet
705 4194 764 4262 ipsa
783 4192 893 4255 credat,
912 4189 1145 4262 acquumvideri.
1180 4187 1222 4241 Ne

133 4261 167 4313 ia
183 4261 413 4329 periculosissimo
434 4273 545 4338 negotio
562 4281 650 4320 moras
669 4271 775 4329 nectat,
793 4260 842 4320 sed
859 4263 914 4318 iam
931 4261 965 4318 de
984 4276 1033 4315 sus
1047 4259 1223 4332 filiorumque

170 4364 378 4420 Cantacusensss
395 4365 431 4420 ff.
490 4391 497 4410 ι
1006 4385 1025 4437 9
