3125 4900
314 245 401 333 σεο
483 289 487 300 -
714 200 999 335 eraricum

162 438 225 494 bc
236 438 303 511 1³46
311 432 369 518 τίιρ
381 432 505 515 φίλοις,
529 424 560 489 ελ
577 422 726 489 δόναιντο
740 423 798 509 τὴν
819 420 913 491 πόλιν
934 423 1023 513 αὐτῷ
1046 422 1281 509 παραδιδόναι,
1306 426 1409 509 ἐπηγ-

306 523 456 614 γόλλοντό
476 547 510 591 τε
532 523 587 588 καί
611 522 708 589 αότοδ
727 521 784 609 τόν
810 526 867 609 τῆς
888 522 1087 609 Ξυλοκέρκου
1110 527 1278 608 λεγομένην
1299 521 1409 607 πόλην

307 631 344 693 ἐκ
365 626 489 690 πολλῶν
512 625 592 687 ἐτοῖν
610 624 898 711 α’πρικοδομημόνην
922 621 1122 707 διορύξαντες
1142 622 1291 707 εἰσάγειν.
1316 617 1407 687 οὕτω

307 726 343 791 δὲ
356 727 415 789 τοῦ
433 719 553 807 χρόνου
576 726 777 808 τριβομένου,
805 721 876 787 τινό
901 724 964 787 τεόν
985 724 1020 786 ἐκ
1033 723 1212 800 Βυζαντίου
1236 721 1407 805 γνωρίμων

210 823 326 895 P-bbiio‘
357 816 606 909 Φραγγόπουλος
639 820 718 887 tisis
749 822 784 886 όν
807 820 1010 909 στρατοπέδιρ
1047 815 1252 907 διατρίβοντα
1290 819 1425 907 ῆραόταὸ

304 923 365 1009 την
385 924 503 1003 αἰτίαν,
524 925 599 986 καθ’
611 919 652 1008 ἣν
665 922 837 1009 α’φίκοιτο,
858 921 914 987 κατ’
935 922 966 986 εἰ
985 918 1086 997 πολός
1107 920 1157 1005 εἴη
1175 918 1301 1005 χρόνος,
1325 910 1406 995 όσος

305 1020 463 1107 όποοταίη
476 1023 672 1101 Βυζαντίου.
704 1016 773 1087 itt
787 1020 868 1103 τό,τε
891 1018 971 1105 πρός
991 1022 1126 1102 βασιλέα
1143 1020 1239 1103 ἔχθος
1254 1024 1404 1105 Φραγγο-

304 1121 427 1189 ποόλου
439 1117 591 1206 πρότερον
605 1118 699 1198 ελδιός
708 1123 763 1186 κατ’
775 1116 834 1205 τήν
855 1116 935 1205 πρός
948 1116 1046 1185 αότόν
1070 1122 1203 1205 φιλίαν,
1228 1118 1285 1184 καί
1307 1122 1405 1200 νομί-

304 1246 365 1298 σας
387 1219 619 1307 προθυμότατα
651 1224 917 1303 συναγωνιεῖσθαι
941 1216 1022 1303 πρός
1044 1215 1100 1303 τήν
1121 1220 1318 1305 ἐπιχείρησιν
1341 1221 1404 1283 ου’-

304 1326 367 1411 τρῖ,
398 1315 613 1387 οἷπεκόλοπτεν
636 1320 750 1384 αὐτίκα
769 1317 807 1383 τό
843 1316 1036 1404 α’πόῤῥητον,
1064 1320 1119 1382 καί
1144 1316 1232 1401 παρὰ
1254 1318 1313 1399 μὲν
1335 1320 1442 1383 surm
1524 1376 1525 1401 ,

304 1424 341 1489 ἓν
370 1420 538 1508 Βυζαντίῳ
562 1416 668 1501 ἔλεγεν
702 1414 867 1503 ἀρχόντων
899 1421 1072 1482 πεπεῖσθαι
1096 1415 1210 1481 ἐνθάδε
1231 1411 1318 1501 ἥκειν
1342 1440 1406 1497 με-

304 1518 387 1607 γόλα
400 1512 438 1584 τό
463 1514 608 1603 ποιήσειν
632 1518 929 1601 ἐπαγγειλαμένων·
956 1516 1148 1601 δηλητήριον
1167 1516 1202 1579 δὲ
1223 1512 1334 1598 ἔχειν,
1362 1516 1407 1581 ἵν’

303 1623 336 1687 si
357 1618 498 1703 δόναιτο,
523 1612 631 1684 όνέλοι
643 1618 779 1699 βασιλέα
805 1616 1024 1701 προσαγαγών.
1061 1618 1146 1681 ἕκτον
1170 1616 1205 1679 δὲ
1227 1609 1288 1699 ἤδη
1311 1617 1403 1699 μῆνα

306 1723 361 1787 tut
395 1716 495 1806 τοότηι
519 1719 863 1805 προσταλαιπωροόντα
892 1717 1046 1801 μηδέποτε
1081 1718 1196 1801 καιροῦ
1223 1716 1403 1797 ἐπιτυχεῖν.

305 1818 379 1886 νυνί
400 1819 436 1883 δὲ
459 1812 605 1905 (αἰτόν-ἤ
631 1816 806 1901 προσεδρία
828 1817 884 1880 καί
905 1814 925 1899 ἦ
950 1818 1102 1901 καρτερίαι
1130 1822 1195 1890 τοῖς
1231 1818 1442 1899 μαγείροιςι5

203 1918 468 1998 ἱόδαέντόξαοα
491 1920 547 1983 τοῦ
573 1918 732 2001 βασιλέως
763 1910 875 1999 καιρόν
900 1916 1052 1999 παρέχειν
1074 1915 1109 1979 τό
1139 1912 1402 1997 σπουδαζόμενον

278 2012 423 2085 Βόνόειν.
466 2014 516 2081 διό
543 2014 599 2079 καί
621 2012 759 2096 μάλιστα
783 2014 977 2097 συνήδεσθαι
1002 2006 1089 2100 αὐτῷ
1099 2064 1110 2095 ,
1141 2008 1190 2077 ότι
1219 2009 1298 2079 οότω
1323 2038 1401 2079 συν-

303 2117 403 2199 τυχόν
434 2114 721 2201 συγκατεργόσεται
749 2114 852 2201 crispi,
886 2112 939 2178 ἳνα
969 2116 1026 2177 καί
1046 2116 1109 2177 τεόν
1130 2110 1208 2179 ἴσων
1229 2108 1401 2199 εόεργετη-

303 2215 414 2298 μόνων
435 2214 519 2301 τόχη
539 2211 626 2297 παρό
665 2216 728 2277 ταῖν
752 2210 925 2296 ἀρχόντων.
968 2209 1054 2296 ἐλεγέ
1082 2237 1116 2276 τε
1135 2212 1401 2298 ,παρεσκευασμέο

220 2312 224 2319 ’
304 2335 358 2389 νος
382 2307 464 2377 εἶναι
486 2312 531 2387 ὥς
558 2313 615 2396 τῆς
642 2305 776 2397 ἑσπέρας
803 2304 869 2395 »ἤδη
894 2308 1012 2394 ταότης
1033 2312 1078 2399 τῷ
1098 2312 1253 2393 βασιλέως
1280 2314 1441 2401 δείπνριαο

304 2412 344 2479 τό
377 2410 534 2500 φάρμακα
566 2412 720 2498 κεράσιον.
771 2406 841 2493 όμα
864 2411 899 2476 δὲ
923 2406 1101 2493 βούλεσθαι
1137 2409 1195 2477 καί
1224 2410 1305 2496 πρός
1326 2416 1400 2478 Βυ-

304 2513 431 2593 ζάντιον
452 2507 714 2597 ἀποδιδράσκειν,
749 2510 883 2598 παρῄνερ
912 2531 946 2574 το
969 2513 1165 2576 συνέπεσθαι
1196 2515 1252 2577 καί
1285 2510 1400 2580 αὐτόν.

304 2606 391 2676 οότω
410 2611 471 2694 μὲν
493 2603 551 2676 οόν
573 2611 690 2687 ἐκεῖνος
711 2613 813 2689 ἐξεῖπε
838 2605 873 2672 τό
901 2601 1104 2696 όπόέρόητον,
1139 2611 1324 2697 ἐχθραινειν
1348 2614 1399 2676 αι’-

303 2714 394 2799 ηθείς
429 2704 676 2796 Φραγγόπουλον
700 2711 744 2797 τῷ
775 2711 909 2792 βασιλέϊ
916 2731 926 2750 ·
960 2703 980 2770 ό
1014 2709 1052 2776 δὲ
1093 2706 1198 2776 ἐδόκει
1220 2708 1299 2798 πρός
1334 2710 1396 2796 τὴν

304 2916 333 2966 st
353 2927 415 2963 cum
439 2908 542 2977 amicis,
560 2911 610 2982 qui
636 2917 715 2965 ersnt
737 2911 871 2980 Byzantii,
899 2911 934 2965 de
958 2912 1027 2966 urbe
1044 2910 1099 2964 sibi
1119 2914 1268 2978 tradenda,
1287 2917 1311 2968 si
1330 2917 1393 2969 iisri

306 2989 402 3053 posset
427 2981 538 3034 occulte
566 2983 633 3051 egit,
672 2982 719 3036 iiii
739 2989 845 3051 portam
872 2983 1016 3051 Xyiocerci
1035 2981 1146 3046 dictam,
1168 2987 1263 3040 multis
1290 2985 1395 3039 abhinc

303 3053 383 3105 annis
413 3051 596 3115 obstructam,
622 3053 793 3122 persuasurus
829 3069 948 3125 cumque
981 3053 1185 3108 introducturos
1219 3066 1393 3128 receperunt.

303 3125 368 3178 Post
394 3123 570 3175 intervalium
590 3124 722 3194 temporis
749 3123 895 3194 quemdam
920 3125 1082 3176 familiarem
1113 3140 1192 3178 suum
1210 3127 1391 3196 Byzantium

303 3195 333 3246 in
351 3193 445 3246 castris
472 3193 646 3263 conspicatus
664 3194 888 3262 Pbrangopuius,
914 3195 984 3267 quid
1002 3212 1036 3247 eo
1053 3197 1180 3250 venisset
1206 3205 1234 3251 et
1258 3197 1393 3269 quamdiu

301 3271 393 3326 esset,
421 3281 455 3316 ex
484 3280 540 3335 quo
565 3265 695 3330 Byzantio
715 3264 897 3329 discessisset,
926 3267 1090 3319 sciscitatur.
1126 3267 1177 3319 illu
1198 3278 1227 3321 ct
1242 3269 1391 3337 pristinum

301 3335 488 3404 Phrangopuii
514 3333 610 3387 odium
637 3336 667 3386 iu
695 3335 888 3404 imperatorem
924 3345 954 3388 et
980 3337 1115 3406 egregiam
1148 3353 1212 3406 erga
1243 3355 1273 3392 se
1304 3341 1388 3392 iidem

300 3406 376 3458 baud
399 3407 534 3468 nesciens,
548 3405 763 3476 existimatusque
785 3405 911 3458 manibus
932 3413 961 3458 et
983 3405 1100 3488 pedibus
1119 3419 1233 3462 conatus
1259 3427 1323 3462 suos
1342 3409 1393 3462 ad-

299 3478 440 3538 iuturum,
458 3476 550 3528 statim
567 3491 695 3537 swanum
722 3493 784 3529 eum
803 3493 836 3530 eo
855 3485 1055 3541 communicat,
1075 3478 1111 3529 ab
1132 3479 1322 3544 archontibus,
1340 3480 1391 3550 qui

299 3555 392 3600 essent
409 3547 543 3614 Byzantii,
560 3547 700 3616 promissis
718 3545 863 3599 uberrimis
880 3547 1003 3599 illectum
1021 3547 1075 3600 buc
1099 3564 1128 3600 se
1150 3551 1315 3614 contulisse,
1339 3549 1391 3602 ba-

298 3615 420 3689 bereque
439 3617 616 3679 veneficium,
633 3617 718 3687 quud,
735 3617 759 3668 si
776 3624 870 3686 posset
888 3619 1048 3686 imperatori
1068 3619 1299 3683 admovere,eum
1318 3635 1389 3674 euc-

299 3695 381 3738 esret
418 3687 531 3739 Sextum
557 3688 613 3738 iam
634 3703 755 3739 mensem
780 3689 810 3740 in
828 3686 881 3740 boc
899 3691 997 3742 misere
1024 3689 1169 3754 iuborare,
1194 3707 1390 3762 necunquam

298 3758 462 3830 perficiundi
489 3759 660 3813 occasionem
685 3757 818 3816 iuvenire.
871 3757 951 3810 Nune
975 3767 1066 3813 autem
1091 3763 1320 3831 perseverantiam
1355 3777 1390 3812 ae

297 3829 473 3881 tolerantiam
491 3845 575 3892 suam,
594 3845 666 3901 quae
683 3829 713 3880 iu
732 3845 833 3900 coquos
852 3829 1021 3898 imperatoris
1038 3848 1101 3883 curn
1120 3833 1256 3903 allegerit,
1272 3830 1308 3884 sd
1329 3849 1388 3884 rem

298 3907 376 3951 tanto
397 3899 490 3949 studio
510 3901 662 3970 quaesitam
680 3900 765 3952 semei
783 3901 983 3969 transigendam
1002 3903 1173 3956 occasionem
1195 3907 1300 3956 offerre.
1319 3903 1385 3954 ideo

296 3969 352 4022 sibi
371 3969 499 4040 gratulari
521 3965 704 4032 vehementer,
722 3986 784 4022 cum
803 3971 840 4023 its
859 3971 999 4034 ceciderit,
1024 3981 1057 4025 ut
1080 3973 1139 4042 ipsc
1159 3973 1213 4026 sibi
1231 3973 1385 4026 subservire

297 4047 384 4110 queat
413 4047 441 4090 et
465 4039 540 4108 paria
566 4037 640 4109 sputi
665 4039 809 4094 archontas
837 4043 986 4110 promereri
1014 4041 1168 4107 beneficia,
1196 4060 1227 4096 ac
1259 4051 1384 4113 paratum

298 4127 357 4162 esse
382 4110 426 4162 vei
451 4110 500 4161 iiia
519 4111 577 4179 ipsa
600 4125 713 4178 vespera
738 4110 914 4180 pharmacum
937 4113 1095 4180 imperatori
1113 4115 1141 4166 in
1159 4131 1246 4171 coena
1263 4115 1385 4172 miscere.

298 4181 377 4237 Veiis
394 4179 496 4235 deiude
513 4181 673 4252 Byzantium
690 4182 782 4252 rugan
800 4197 955 4254 capessere:
976 4191 1005 4236 et
1024 4183 1206 4248 admonebat,
1234 4187 1277 4238 uti
1295 4201 1386 4239 secum
