3125 4900
273 294 352 351 too
662 290 944 358 ctmscumtt

121 460 182 515 tc.
194 466 254 534 ¹³4¹
268 450 304 511 it
326 448 530 531 χορηγεῖσθαι
549 448 638 511 πόσι.
680 444 730 511 διό
749 446 807 510 καί
830 441 939 525 οἴομαι
956 444 1123 527 προσήκειν
1140 441 1193 509 σοι’
1215 442 1273 520 τοὶς
1294 443 1349 527 τῆς

268 539 447 629 εὐεργεσίας
466 542 603 629 χάριτας
621 545 748 613 εἰδέναι.
789 544 820 609 εί
837 543 877 627 δὴ
895 544 994 607 ταῦτα
1015 538 1139 624 οότοις,
1158 536 1263 626 ὥσπερ
1284 538 1349 606 οἴο-

266 668 346 726 μαι,
366 642 450 709 ἔστιν
469 640 594 728 ἀληθῆ,
614 639 772 708 ἀνθ’ότοο
783 693 792 723 ,
813 639 900 725 παρά
919 644 981 706 ouri
999 642 1266 724 προστεταγμένον
1285 639 1349 722 ἀμ-

267 742 404 829 φοτέρας
423 739 507 823 ἔχειν
528 741 584 819 τάς
604 737 732 825 όρχάς,
753 732 799 806 οἷν
817 743 874 804 καί
890 734 1050 821 περιόντος
1067 732 1166 823 ἦρχον
1184 741 1348 821 βασιλέως,

264 841 321 924 τὴν
339 836 451 923 ἑτέραν
469 845 640 925 παρέσχετο
661 836 774 919 αόιός,
793 842 849 922 τῆς
866 841 945 918 μιιῖς
965 837 1199 922 ἀποστερήσας,
1233 832 1366 919 disperii

265 964 323 1005 σου
350 940 407 1003 καί
424 938 480 1023 τὴν
504 937 613 1025 ἑτέραν
632 940 720 1027 αὐτῷ
749 937 920 1022 προστάξαι
939 939 1132 1018 ἀποδοῦναι,
1156 937 1346 1031 μᾶλλονδὲ,

264 1038 318 1102 καί
345 1040 444 1103 autori
468 1036 632 1122 παρόντος,
653 1037 738 1123 παρὰ
768 1043 829 1102 σοῦ
861 1038 1118 1126 ἐγχειρισθῆναι,
1150 1035 1204 1102 ἵνα
1222 1058 1274 1101 σοι
1291 1037 1360 1099 καί.

262 1142 382 1219 μᾶλλον
401 1135 616 1221 προσηκούσας
636 1135 692 1211 τάς
714 1136 921 1223 εὐχαριστίας
940 1138 995 1219 τῆς
1013 1135 1196 1219 εόεργεσιας
1208 1134 1347 1203 dunin?

263 1231 280 1299 ό
299 1238 397 1318 μέγας
423 1238 482 1315 μὲν
510 1228 568 1298 οόν
587 1236 767 1317 δομέστινος
793 1237 969 1322 ἐφθέγξατο
990 1235 1091 1297 sitio.
1133 1233 1153 1316 ἦ
1173 1232 1299 1315 βασιλίς
1316 1234 1346 1296 δ’

261 1335 359 1398 usito&
380 1336 496 1417 πολλὴν
513 1338 711 1417 καταγνοῦσα
731 1332 788 1417 τὴν
806 1333 1006 1417 ἀχαριστίαν,
1027 1330 1133 1413 ,,πα’νο
1149 1329 1386 1411 θανμάζειν”ιο

232 1424 345 1499 caino
358 1430 555 1515 ,ἐπέρχεταί
564 1456 638 1514 μοι,
651 1431 709 1516 τήν
722 1435 844 1513 αἰτίαν,
862 1435 896 1511 ἐξ
916 1424 954 1515 ἧς
974 1434 1019 1506 είς
1036 1427 1347 1515 τοότοοςπροήχβιγς

258 1529 335 1605 τοός
347 1528 471 1612 λόγους,
486 1533 527 1593 osi
538 1532 710 1621 σονορόσῃ.
731 1534 761 1597 εἰ
778 1536 839 1613 μὲν
857 1527 917 1616 γὰρ
939 1526 1080 1612 οἰόμενος
1090 1525 1152 1612 ,μὴ
1167 1527 1223 1613 τὴν
1234 1527 1346 1609 ὁμοίαν

259 1627 400 1709 δύναμιν.
426 1628 481 1693 τόν
499 1633 599 1713 μέγαν
620 1631 802 1711 δὀμὲστικον
814 1680 824 1711 ,
854 1625 948 1714 ἥνπερ
972 1631 1027 1693 καί
1047 1625 1216 1712 πρότερον,
1237 1630 1344 1710 κεκτῆ-

258 1734 357 1810 σθαι,
376 1720 468 1813 ἢὲμέ
492 1754 521 1793 τι
543 1730 754 1813 διαφέρεσθαι
770 1728 850 1813 πρός
866 1726 979 1805 airis,
1000 1730 1064 1791 όείν
1076 1725 1172 1809 ἔγνως
1193 1729 1344 1801 offensor

257 1826 344 1913 αὐτῷ
369 1830 605 1910 προσφέρεσθαι
624 1826 680 1888 καί
698 1829 863 1907 θρασέως,
893 1823 966 1891 ἴσθι
992 1824 1075 1889 πάνυ
1097 1829 1154 1889 τοῦ
1173 1823 1385 1910 προσῆκον-15

257 1948 311 1999 τος
330 1920 488 2007 όμαρτιόν.
511 1927 541 1987 εἰ
560 1924 691 1987 όόόόὲν
711 1920 947 2008 ἀποβεβληκότα
966 1922 1022 1986 καί
1040 1925 1095 2007 τῆς
1114 1926 1345 2003 όντιίμειοςιιαί

255 2025 310 2107 τῆς
324 2024 452 2095 εόνοιλις
465 2024 522 2105 τῆς
537 2024 582 2095 εἰς
595 2024 650 2101 ἐμὲ
671 2020 783 2102 εἶδός,
798 2019 905 2085 ἔπειτα
925 2024 971 2095 εἰς
984 2024 1075 2085 τοῦτο
1088 2019 1254 2106 προήχθης
1268 2024 1341 2085 ἀτο-

256 2124 350 2202 πίας,
372 2121 430 2183 οόιι
451 2113 633 2200 ἀσυνεσίας,
654 2118 736 2184 ἀλλὰ
755 2120 974 2205 παραπληξίας
988 2124 1087 2206 φαίην
1101 2115 1142 2185 ἀν
1156 2120 1252 2203 ἔγωγε
1267 2118 1341 2196 τούς

256 2218 370 2302 λόγους
400 2222 556 2283 τουτουσί.
597 2216 657 2301 ἐγώ
690 2219 727 2282 δέ
755 2242 792 2283 σε
822 2216 983 2304 περιόντος
1002 2224 1061 2301 μὲν
1080 2212 1169 2305 ᾔδειν
1187 2221 1342 2300 βασιλέως

252 2317 310 2400 τήν
336 2340 370 2380 τε
397 2320 455 2381 rosi
480 2313 631 2397 μεσάζειν
658 2319 926 2403 όγιιεχειρισμένον
945 2317 1073 2383 καὶτοῦ
1091 2320 1258 2401 βασιλικοῦ
1284 2344 1383 2393 rus-20

228 2418 364 2498 υμιείσν
384 2413 440 2502 τὴν
460 2410 580 2500 ἀρχήν·
602 2412 684 2500 πλήν
703 2420 758 2481 καί
776 2415 870 2500 τότε,
890 2414 973 2484 εἴποι
993 2410 1117 2509 τιςόν,
1138 2416 1200 2499 οόχ
1219 2411 1342 2492 ἑκόντος

256 2519 430 2599 βασιλέως,
463 2513 543 2580 ἀλλὰ
574 2513 627 2580 διό
658 2512 692 2580 τό
721 2515 897 2597 βούλεσθαι
927 2521 1038 2582 τοῦτον
1065 2517 1340 2600 παραχαροῦντος.

257 2615 307 2680 tiso*
329 2617 385 2682 καί
403 2613 502 2681 πολλοὶ
523 2613 672 2690 πολλάκις
692 2598 872 2694 ἀνόιόιζετο
891 2625 967 2701 παρ’
995 2618 1136 2699 ἐκεινου,
1173 2611 1252 2680 νατό
1279 2618 1342 2679 σοό

256 2881 455 2951 praefecturas,
476 2896 532 2932 non
550 2896 566 2930 a
587 2897 683 2950 magno
706 2879 873 2946 domestico,
900 2882 948 2936 sed
967 2881 1015 2933 abs
1034 2889 1061 2933 te
1080 2879 1212 2932 committi
1231 2879 1337 2932 sedari

257 2951 390 3004 omnibus.
428 2949 521 3021 Quare
546 2950 629 3002 etiam
653 2949 749 3002 decere
776 2952 910 3015 arbitror,
941 2953 995 3003 tibi
1021 2950 1056 3002 de
1080 2950 1212 3002 beneticio
1239 2952 1338 3018 gratias

255 3039 345 3090 cgere.
384 3020 507 3089 Quodsi
526 3023 564 3072 ita
592 3028 649 3083 est,
675 3029 706 3072 ut
731 3019 801 3074 mihi
828 3023 954 3084 videtur,
981 3020 1048 3093 quid
1073 3021 1130 3082 ita,
1153 3036 1211 3072 curn
1236 3020 1283 3071 abs
1308 3027 1338 3072 te

255 3093 358 3143 iussum
377 3094 413 3142 sit
435 3091 527 3143 ambas
553 3089 677 3144 obtinere
704 3107 748 3142 me
771 3093 971 3161 praefecturas,
995 3107 1062 3174 quas
1085 3093 1147 3144 viro
1174 3091 1338 3158 imperatore

256 3161 441 3225 obtinuerim,
471 3177 551 3213 sinam
572 3161 617 3212 hie
634 3160 702 3214 mihi
721 3161 812 3223 dedit,
840 3161 952 3214 aiteram
971 3160 1091 3230 eripuit?
1119 3159 1210 3227 Quare
1229 3171 1256 3211 te
1274 3178 1338 3221 oro,

256 3239 287 3282 ut
307 3234 417 3290 aiterum
437 3219 548 3301 quoque
566 3229 644 3285 reddi
662 3230 771 3283 iubeas:
789 3232 833 3283 vel
849 3232 941 3301 potius
959 3234 1019 3301 ipso
1036 3239 1180 3300 praesente
1198 3238 1227 3281 tu
1245 3231 1275 3281 in
1294 3244 1337 3281 me

255 3301 397 3364 conferas,
415 3309 446 3351 ut
466 3302 518 3351 tibi
537 3303 642 3370 potius,
663 3317 728 3370 quas
747 3301 853 3364 debeo,
870 3304 968 3372 gratias
987 3317 1071 3370 egam.
1094 3301 1201 3352 Siti-bat
1217 3299 1251 3350 ad
1270 3300 1339 3352 hsce

256 3387 366 3439 magnus
384 3369 562 3435 domesticns;
587 3372 744 3440 imperatrix
762 3379 853 3422 sotem
877 3371 1068 3442 Apocauchum
1095 3368 1268 3422 vehementer
1289 3371 1337 3420 in-

256 3448 360 3507 gratum
380 3439 517 3500 iudicans,
536 3440 632 3560 Μαρια
659 3457 702 3494 rnc
725 3443 800 3510 cepit
824 3441 987 3503 admiratio,
1010 3442 1116 3512 inquit,
1142 3456 1199 3491 oon
1229 3439 1336 3491 inteili-

257 3515 381 3578 gentem,
410 3509 576 3560 unsienanra
614 3510 772 3564 huiusmodi
789 3527 868 3564 voees
889 3514 1037 3582 impollute.
1073 3509 1103 3561 Si
1121 3512 1195 3561 enim
1212 3508 1337 3577 magnum

257 3579 435 3631 domesticum
453 3594 511 3628 nou
531 3578 643 3642 eadem,
663 3597 716 3651 qua
734 3583 821 3649 prius,
829 3590 965 3651 potestate
983 3584 1073 3634 valere
1093 3588 1122 3630 et
1145 3596 1190 3630 sne
1212 3579 1247 3632 sb
1275 3582 1336 3647 ipso

257 3647 410 3716 discrepare
430 3647 602 3711 existimem,
625 3660 778 3722 arroganter
795 3659 825 3703 et
841 3652 1010 3703 confidenter
1033 3653 1063 3702 in
1089 3665 1151 3701 cum
1178 3650 1337 3702 irruendum

255 3717 420 3778 decrevisti,
442 3719 509 3771 seito
530 3727 558 3770 te
578 3729 637 3771 tots
654 3723 697 3772 via
717 3721 863 3773 aberrasse.
900 3721 949 3772 Sin
966 3737 1057 3791 neque
1075 3719 1109 3770 de
1129 3720 1269 3787 potentia,
1287 3735 1337 3771 ne·

256 3803 310 3858 que
329 3787 363 3838 de
387 3789 579 3842 benevolentis
605 3789 679 3841 iilius
702 3805 764 3858 erga
787 3808 831 3843 me
856 3791 1006 3861 quidquam
1031 3790 1208 3842 imminutum
1232 3788 1337 3854 sciens,

255 3857 345 3910 nihilo
365 3861 452 3909 minus
470 3855 525 3910 huo
544 3859 708 3912 insolentiae
728 3862 900 3929 processisti,
924 3876 980 3913 non
998 3877 1047 3928 ego
1068 3861 1122 3911 iant
1142 3858 1216 3912 hunc
1233 3877 1338 3912 sermo-

255 3943 318 3980 nem
336 3935 413 3980 tuum
433 3928 638 3998 impudentiae,
667 3929 715 3982 sed
735 3933 871 3992 amentiae
894 3931 1089 3999 adscripserim.
1124 3929 1186 3980 Non
1212 3945 1255 3981 me
1279 3931 1338 3982 iai-

254 3995 347 4066 lebat‚
374 4003 521 4067 superstite
544 4000 726 4067 imperatore,
754 4001 981 4053 administratoris
999 4015 1097 4051 munus
1124 3997 1259 4069 simulque
1277 4002 1337 4054 fisci

252 4069 453 4137 praefecturam
470 4069 523 4122 tibi
542 4070 726 4138 commissam
741 4078 927 4124 verumtamen
946 4073 1029 4122 etiarn
1046 4079 1103 4123 tum
1122 4067 1212 4121 dicere
1225 4070 1336 4133 licebat,

254 4153 310 4190 non
330 4139 518 4207 imperatorem
532 4138 669 4200 soluisse,
691 4139 738 4192 sed
755 4141 865 4194 volente
884 4141 938 4194 hoe
953 4141 1127 4210 permisisse,
1148 4140 1266 4208 quodsi
1286 4156 1337 4208 po·

254 4213 312 4261 sica
334 4210 450 4264 muitum
478 4224 512 4266 se
539 4222 620 4279 saepe
644 4207 673 4261 in
702 4217 732 4262 te
756 4210 925 4265 stomachans
951 4208 1148 4281 exprobrabat,
1172 4210 1250 4279 quasi
1279 4226 1336 4264 rem

1388 3766 1403 3794 1
