3125 4900
620 244 726 310 trees
754 248 810 310 ιιι.
1213 243 1244 332 9

157 391 270 450 dedunt
310 395 445 451 Batatsae
474 394 508 449 ab
535 394 705 467 Imperatore
723 395 845 470 desectio
862 403 891 454 et
906 395 1051 452 reversio.-
1077 395 1138 452 tists
1153 412 1244 454 remu·

157 469 278 524 naratio.
312 467 426 520 bisitani
452 479 581 539 satrapae
603 469 769 522 liberalitas.
812 468 869 520 Cur
890 465 1042 538 prandmt
1064 468 1098 520 in
1120 467 1245 525 stracia

156 539 246 606 prima
258 538 321 590 luce
331 537 494 608 Imperator.
532 537 638 593 Cborae
649 540 726 592 cives
735 536 957 592 maledicentiam
968 550 1143 593 terraemotu
1153 539 1244 598 luam

156 608 236 660 lalus-i
261 605 361 660 recedi
373 620 501 669 scantur,
527 608 627 677 quibus
643 610 774 677 perfectis
790 606 830 660 ad
844 608 1031 678 pertinaciam
1049 606 1166 662 redeunt
1177 611 1245 678 (76).

157 678 279 746 Magnus
294 674 353 730 dux
371 679 471 730 iterum
489 679 575 751 copiis
591 677 774 747 praeficitur:
798 680 1021 731 Cantacueenum
1035 691 1156 731 conatur
1167 681 1246 733 occi-

156 743 231 800 dere.
258 747 517 807 liutuaelitterae,
533 749 611 801 illius
624 749 763 809 minaces,
784 747 868 800 buius
883 749 1119 816 exprobratoriae.
1153 753 1245 820 Argea·

157 817 201 867 tia
226 817 258 868 in
277 834 346 868 voce
371 818 458 868 cteta.
503 817 614 871 Ders'sio
641 819 729 878 senis,
756 829 788 869 ut
810 818 935 874 imbellis.
968 820 1052 870 lueto
1079 820 1245 886 Byzantium

157 885 303 938 Persarum
319 889 444 939 vastatio
456 885 556 954 servet
594 885 758 956 Apocaucbi
766 888 872 968 saeuus.
909 886 992 941 Urbes
1010 888 1147 941 Thraciae
1162 907 1246 957 prae·

158 968 204 1007 ter
219 953 290 1010 duas
307 974 335 1008 se
358 955 471 1013 dedunt.
510 957 689 1026 Imperatoris
712 961 744 1010 in
766 958 880 1010 allorum
901 957 1050 1026 praesectis
1072 956 1246 1013 dimittendis

159 1023 317 1078 bummitas
345 1038 372 1079 et
397 1027 562 1080 liberalitas.
609 1029 787 1096 Comparatio
803 1028 882 1080 inter
900 1029 1124 1080 Cantacuaenum
1143 1041 1170 1080 et
1195 1046 1248 1081 ar-

161 1094 276 1147 ebontas
297 1095 363 1163 (77).
409 1097 494 1149 leres
520 1095 560 1148 ad
585 1098 699 1150 Pontum
720 1101 876 1170 Imperator
899 1098 1016 1163 infestas
1032 1095 1121 1150 babet
1156 1100 1248 1154 Amici

160 1181 221 1218 eum
238 1163 445 1235 Adrianopolin
465 1179 620 1226 accersunt.
656 1168 761 1220 Eorum
779 1167 903 1219 stultitia
922 1181 948 1219 et
961 1183 1078 1236 poenae.
1121 1165 1248 1237 impera-

160 1235 217 1286 trix
225 1235 318 1286 urbem
335 1249 484 1305 recuperat
528 1238 655 1298 Marsaci,
674 1236 833 1306 Apocauclsi
848 1235 939 1306 filius,
957 1236 1117 1306 praefectus
1129 1235 1247 1302 delicit.-

160 1305 301 1374 accipitur
322 1306 357 1358 ab
377 1305 548 1374 imperatore
568 1307 686 1374 benigne
709 1319 737 1360 et
753 1307 920 1360 bonoratur.
954 1309 1023 1360 Acta
1041 1303 1119 1378 apud
1132 1308 1249 1373 Bizyam

160 1375 226 1442 (78).
262 1379 360 1428 Amans
378 1375 462 1427 Persa
481 1377 585 1429 socium
602 1377 641 1430 ad
657 1376 724 1448 imp.
746 1373 925 1430 occidendum
944 1375 1125 1430 subornatum
1140 1376 1248 1447 prodit,

160 1461 239 1514 queas
262 1445 310 1498 ille
332 1444 449 1498 liberum
473 1445 596 1500 dimittit.
642 1447 786 1513 Bieyenscs
803 1462 830 1499 se
848 1445 972 1498 tradunt.
1007 1449 1106 1499 Annae
1123 1447 1249 1517 impera-

160 1514 228 1566 trici
252 1527 280 1568 et
298 1514 366 1586 filio
384 1517 462 1576 eius,
481 1514 581 1570 deinde
603 1518 800 1571 Cantacusena
817 1528 844 1568 et
860 1520 946 1567 uxori
966 1530 998 1569 ut
1015 1517 1081 1585 Imp.
1098 1517 1200 1593 Bityae
1219 1530 1248 1571 et

160 1584 232 1638 alibi
255 1586 444 1646 acclamatur,
468 1589 643 1656 omniumque
670 1587 770 1639 mentio
801 1586 832 1636 in
855 1586 945 1640 sacris
962 1597 1124 1653 usurpatur.
1159 1588 1249 1640 Plura

160 1651 267 1724 oppida
286 1671 313 1706 se
332 1653 488 1708 subiiciunt.
526 1657 629 1725 bizyae
639 1657 816 1726 praefectura
826 1657 955 1707 Manueli
967 1656 1055 1706 Aseni
1067 1652 1158 1709 datur.
1176 1657 1253 1708 Pro«

160 1725 320 1776 tostratoris
339 1737 561 1796 caeterorumque
578 1725 744 1795 Apocauclsi
763 1727 914 1776 amicorum
932 1726 1087 1778 miserrima
1112 1723 1247 1779 conditio.

162 1792 326 1862 Apocaucbi
346 1806 436 1856 astus,
462 1815 517 1867 quo
542 1796 678 1878 ignaviae
706 1794 865 1865 opinionem
889 1796 983 1847 vitare
1006 1792 1151 1858 studebat,
1175 1795 1248 1849 salse

164 1859 301 1916 irridetur
323 1865 480 1936 acriterque
506 1867 685 1935 vituperatur
707 1865 772 1934 (79).
808 1863 913 1926 Fraus,
938 1865 1090 1933 impostura
1104 1878 1132 1918 et
1148 1865 1249 1936 nequi-

162 1929 408 1995 tiaadmirabilis,
430 1953 487 2005 qua
505 1933 576 1988 idem
595 1935 774 2003 Apocauclsus
789 1933 923 1988 Gabaiam
942 1934 1004 1986 vita
1019 1935 1137 2002 privare
1154 1938 1247 1988 enisus

161 2017 202 2057 est
218 2005 284 2068 (80).
320 2003 460 2058 Orclsasses
475 2005 668 2058 Cantacuzeno
684 2023 712 2058 se
732 2003 870 2072 adiungit.
912 2005 1001 2074 Capta
1016 2002 1056 2054 ad
1064 2005 1180 2057 Pontum
1189 2007 1248 2058 ali·

160 2085 228 2146 quot
242 2071 356 2143 oppida.
390 2075 528 2127 Somnium
537 2077 687 2136 Monuelis,
704 2073 762 2142 filii
772 2075 839 2144 Imp,
875 2073 1006 2126 Veniente
1018 2071 1058 2124 ad
1067 2074 1160 2128 urbem
1171 2075 1248 2127 Can-

162 2155 309 2206 tacuttno,
327 2145 487 2212 Apocaurbi
494 2144 639 2197 timiditas.
675 2151 749 2215 Ager
758 2144 941 2212 Byzantinus,
951 2147 1098 2198 miserente
1111 2146 1190 2214 imp,
1200 2142 1249 2198 de-

163 2226 295 2294 vastatur
319 2214 384 2282 (81).
411 2216 563 2272 .Galotaei
586 2231 697 2268 causam
717 2227 743 2267 et
761 2215 897 2285 originem
916 2213 1082 2299 bellibuius
1100 2215 1251 2267 sciscitan-

163 2295 224 2406 5¹21:
244 2281 1253 2424 ‘'limittit-ll.”littei¹353.itt:littml‘bsstmmifglz

163 2421 315 2477 monacbus
332 2423 440 2493 legatus
459 2427 535 2477 omni
555 2425 636 2497 culpa
656 2425 722 2478 belii
741 2443 802 2479 eum
820 2423 945 2477 absoluit.
983 2423 1055 2477 Eius
1073 2423 1253 2494 prudentiam

163 2491 263 2547 laudat
275 2495 354 2563 imp„
374 2492 408 2548 tle
418 2494 592 2549 adversariis
606 2497 810 2565 conqueritur:
828 2496 853 2547 si
871 2511 899 2546 se
915 2496 1111 2564 Imperatorem
1124 2508 1152 2548 et
1167 2496 1252 2547 colle-

163 2582 225 2633 pam
248 2580 305 2617 csse
326 2564 440 2627 sinant,
468 2564 688 2637 quodfacturus
706 2568 742 2617 sit
759 2566 859 2635 operit.
893 2566 976 2617 Arnor
992 2564 1089 2615 iterem
1103 2563 1253 2632 publicam.

166 2634 269 2701 Quibus
288 2633 497 2687 conditionibus
514 2634 645 2689 abdicare
667 2654 696 2689 se
714 2637 829 2706 imperio
847 2634 917 2687 velit
932 2634 1001 2703 (83).
1039 2638 1144 2703 Artgus
1161 2633 1254 2706 orati·-

165 2722 243 2757 onem
263 2702 453 2755 commendat:
473 2704 550 2757 dicta
562 2706 724 2773 Byzantium
740 2707 905 2759 renuntiare
916 2703 1034 2757 iubetur.
1071 2702 1256 2773 Apocaucbus

166 2792 244 2827 arma
267 2785 293 2825 et
311 2787 379 2825 vota
396 2772 507 2828 indicit.
546 2772 686 2843 Quaedam
704 2774 807 2897 oppida
828 2776 863 2826 ab
883 2774 1052 2843 imperatore
1079 2774 1254 2845 subiguntur.

743 2863 756 2898 e

165 2843 292 2911 Epistola
304 2844 465 2913 Apocaucbi
484 2856 509 2898 et
547 2844 707 2899 atriarcltae
776 2844 954 2899 abdicatione
969 2844 1154 2913 imperatoris.
1187 2848 1258 2897 Are·

165 2930 217 2979 pus
238 2930 336 2983 graece
362 2912 492 2968 indoctus
513 2864 662 2967 abraditur.
699 2916 770 2967 Eam
789 2915 944 2985 imperator
967 2915 1063 2968 italice
1084 2918 1256 2984 interpreta-

167 2994 232 3037 tar:
249 2983 328 3035 ambo
344 2984 553 3037 stomachantur
568 2985 634 3055 (84).
669 2985 850 3055 Apocaucbus
866 2986 981 3056 frustra
999 2985 1163 3054 Empyriten
1180 2983 1257 3036 obsi·

166 3050 229 3105 det:
250 3055 281 3103 in
297 3056 430 3121 portoriis
447 3052 590 3125 exigendis
610 3052 685 3107 nibil
705 3057 902 3125 consequitur.-
919 3053 954 3105 ab
975 3054 1078 3107 aulicis
1095 3054 1257 3125 proceribus

166 3121 374 3175 dissimulanter
396 3124 538 3177 irridetur.
588 3128 694 3193 Aregus
719 3124 759 3177 od
781 3125 859 3176 illum
884 3126 1033 3176 contemnit
1053 3122 1200 3176 accedere:
1221 3119 1256 3175 de

167 3192 306 3259 impietate
315 3206 343 3246 et
359 3192 545 3262 imprudentia
567 3208 700 3247 accusat:
728 3196 929 3265 imperatricem
947 3193 1118 3263 imperatori
1132 3203 1257 3245 excusat.

166 3263 324 3329 imperator
341 3262 457 3331 infistut
475 3267 637 3331 Byzantium
650 3267 767 3317 veniens
794 3263 905 3320 recedit.
940 3261 1141 3325 Adrianopolis
1158 3275 1185 3316 et
1200 3263 1258 3316 ali·

168 3345 236 3403 φησι
250 3332 530 3403 finitimaoppidain
545 3347 707 3403 potestatem
726 3332 888 3392 concedunt.
926 3334 993 3385 Cum
1005 3330 1257 3395 tribusdedititiis‚

169 3418 285 3470 quorum
304 3401 359 3455 duo
375 3406 530 3472 praestrui,
549 3404 620 3474 qaid
639 3392 813 3475 actusn'ffflfi).
862 3408 953 3472 Quare
966 3404 1095 3455 Amurius
1113 3400 1154 3456 ad
1170 3404 1258 3472 lmpe-

168 3484 291 3524 rotorem
314 3490 371 3524 non
397 3473 521 3527 redierit.
568 3472 704 3527 Concessu
723 3474 876 3528 Sarclanis
889 3491 941 3543 per
960 3471 1093 3540 lydiam,
1116 3471 1182 3525 inde
1206 3487 1259 3542 per

168 3542 373 3613 Hellespontum
391 3545 502 3596 transit.
538 3544 685 3597 Persarum
700 3544 731 3597 in
750 3544 884 3597 Moesiam
902 3544 1052 3611 impressio.
1085 3542 1258 3598 Momittilus

168 3626 228 3664 aum
245 3624 327 3680 parte
344 3616 482 3665 exercitus
498 3614 544 3664 sni
560 3612 704 3673 caeditur,
734 3615 846 3686 reliqua
865 3614 983 3732 capitur.
1017 3614 1171 3682 Imperator
1187 3614 1258 3665 illa·

170 3682 281 3736 trimat.
317 3682 486 3737 blomiteilas
502 3682 639 3735 liumanae
651 3684 791 3755 fisrtunoe
802 3700 895 3750 exemp
909 3702 960 3734 um.
995 3683 1257 3735 Xantlsiensessuo-

170 3752 392 3819 rumjitneribus
409 3754 521 3817 lugent:
540 3754 633 3803 rerbem
652 3752 779 3806 tradunt.
815 3755 848 3804 ln
866 3753 1015 3806 Momitcili
1038 3754 1182 3819 coniugem
1200 3752 1256 3803 lm-

169 3822 308 3891 peratoris
335 3823 479 3875 clementia
503 3822 568 3884 (86).
613 3825 722 3875 Cralem
743 3838 773 3875 ut
788 3821 981 3894 foedifragum
1005 3822 1105 3874 ulcisci
1122 3820 1256 3874 decernit.

170 3888 309 3943 Pberaeos
334 3891 452 3945 Romani
477 3890 517 3944 nd
537 3891 717 3959 ‹quectionem
744 3895 896 3961 impellunt.
942 3893 1071 3955 Minatur
1098 3893 1197 3952 Crali,
1224 3891 1258 3943 ni

172 3958 269 4013 Pbert's
291 3960 421 4015 abscedat
442 3976 467 4013 et
482 3961 603 4031 foedera
623 3964 734 4015 violare
753 3962 870 4015 desinat.
905 3964 1076 4029 imposturae
1095 3958 1258 4020 Aaocaucbi

172 4042 344 4098 repetuntur·
382 4033 572 4085 continentem
596 4033 755 4101 relinquero
776 4033 894 4085 statuit:
920 4032 1053 4096 tyrannis
1076 4034 1137 4084 eius
1155 4032 1185 4082 in
1203 4032 1258 4095 By-

173 4100 289 4153 eantios.
324 4102 367 4155 De
386 4118 514 4165 carcere,
532 4120 610 4185 quem
621 4103 767 4170 inpalatio
786 4102 965 4156 Constantini
978 4099 1128 4174 aedificare
1147 4116 1259 4170 aggres-

173 4186 216 4222 sus
240 4183 291 4229 tst.
334 4170 507 4243 Affinitatem
532 4174 717 4245 imperatricis
738 4190 789 4243 per
805 4172 893 4249 filiae
910 4172 1023 4245 nuptias
1040 4189 1101 4226 cum
1118 4172 1177 4225 tius
1188 4168 1257 4243 filio
