3125 4900
582 340 688 406 ιιιιιιι
718 345 774 406 ιιι.
1213 312 1237 398 5

148 495 346 573 diripiunturp
375 511 469 550 sarum
483 494 652 552 iotmsnsitas
669 497 836 570 explicatur.
873 485 981 552 bontra
1001 513 1062 554 amn
1081 514 1161 552 socer
1180 501 1239 550 An·

148 571 283 626 &amictu
292 564 466 628 Asantsdup
483 564 626 638 deligitur.
665 570 798 622 Vastaiur
813 569 973 637 provincia.
1004 569 1032 621 tt
1049 569 1238 622 Zernomiano

146 638 333 712 praedatores
342 635 420 708 apud
431 634 652 704 Didymotichunt
672 637 859 692 trucidantur.
895 636 1239 708 Adrianopolimlmpera-

149 721 197 763 tat·
224 705 321 764 tendit.
371 706 512 760 Pincerna
538 706 682 778 Pamphilo
713 711 875 762 accersitur.
922 709 1032 762 llabrtss
1062 711 1239 779 congelascit.

152 777 387 850 Pamphilemium
411 777 511 833 scelus.
547 778 679 846 Bpsantt'i
698 779 909 832 Cantatumnus
926 781 1120 831 contumeliose
1141 777 1238 831 admo-

150 848 216 904 dum
235 867 287 919 per
310 863 362 900 ara
384 845 551 900 waducitur.
586 847 792 919 Apatriarcha
810 847 1038 900 anathematismo
1053 849 1238 917 percellitur:

150 919 355 1043 iii't‘hssti
366 916 780 1058 bilihilzitt‘ff
821 917 1239 1041 iithitfiiin‘iz·

151 1061 225 1114 toris
237 1059 359 1130 probare
377 1023 540 1111 contendit,
559 1058 669 1128 Sprges,
686 1057 836 1112 Pherarum
852 1057 1021 1128 praeflatus,
1040 1059 1101 1110 eius
1116 1007 1189 1109 teba
1199 1055 1241 1110 ad

150 1145 180 1183 ts
197 1130 307 1183 auertit.
346 1127 537 1182 protostrator
546 1127 726 1189 immutatus,
748 1126 973 1181 Thessalonicam
989 1125 1159 1181 traditurum
1172 1145 1240 1196 pro·

152 1199 247 1250 mittit.
274 1197 397 1259 librales,
410 1194 530 1266 dynasta
542 1197 695 1260 Triballus,
713 1195 752 1249 ad
759 1194 928 1251 occidentem
939 1196 1056 1258 invitat,
1076 1213 1152 1266 opem
1161 1213 1240 1248 suant

153 1267 276 1338 pandet·
313 1268 448 1328 Vincunt,
459 1268 551 1340 quiin
563 1269 682 1322 consilio
693 1269 773 1338 prius
786 1265 967 1329 occidentem,
986 1282 1069 1338 quam
1076 1269 1241 1334 Byzantium

151 1335 298 1409 petendum
324 1337 449 1390 sentiunt
471 1338 536 1405 (bt).
574 1338 786 1390 Gantacutenus
809 1354 921 1392 uxorem
941 1355 1001 1391 cum
1010 1336 1131 1409 filiabus
1147 1334 1239 1402 Didy-

154 1407 270 1462 motichi
293 1408 449 1480 relinqui&
474 1407 539 1462 urbi
564 1419 592 1464 ct
614 1407 746 1460 suburbio
763 1406 920 1476 praefictos
937 1405 987 1458 dat
1004 1423 1064 1459 cum
1081 1404 1240 1477 praesidiis.

153 1477 226 1531 aaa
243 1477 387 1532 castellum
404 1479 573 1547 ingratiam
590 1477 788 1530 monachorum
804 1476 1052 1545 intusdegentium
1071 1479 1131 1530 sins
1144 1478 1177 1527 ui
1189 1493 1240 1529 ca-

150 1548 237 1616 pitur.
281 1547 405 1600 Batatts's
430 1549 513 1601 timor
534 1549 566 1600 in
582 1547 754 1616 Imperatore
777 1546 975 1618 persequendo.
1016 1545 1241 1614 Anastasiopolis

151 1613 230 1671 dicta
248 1615 283 1669 ab
304 1614 464 1670 Andronico
481 1619 594 1672 iuniore
610 1613 813 1670 Peritheorium
830 1614 980 1668 obsidetur.
1015 1617 1142 1667 llatatais
1163 1633 1241 1667 men-

153 1684 268 1770 dacium
284 1684 353 1768 βα)
391 1687 518 1755 Epistola
542 1686 734 1739 Cantacuaeni
751 1681 791 1736 ad
805 1685 1011 1755 patriarcham,
1036 1701 1094 1755 qua
1112 1703 1140 1736 se
1161 1685 1242 1753 pacit

150 1753 1242 1894 iitlzt'hilittiithitlzlti:“20⁶ltiitt“izh'·..¹iiitht

152 1895 285 1966 loquitur.
319 1895 476 1949 liescisoens
501 1892 534 1946 id
557 1893 756 1962 Apocauchus,
786 1895 949 1952 coniuratos
973 1909 1057 1963 super
1083 1893 1241 1944 imminente

149 1965 277 2036 periculo
302 1977 402 2018 monet.
438 1965 613 2032 imperatrici
636 1965 825 2020 iuramentum
850 1961 975 2015 indicere
996 1973 1146 2023 statatum,
1172 1963 1242 2025 ipsis

149 2034 309 2088 nolentibus
327 2032 362 2088 de
373 2051 444 2106 pute
461 2034 534 2088 nihil
551 2045 722 2088 tentaturam
734 2031 804 2102 (33)
845 2032 929 2100 Apud
937 2049 997 2085 sam
1018 2031 1153 2085 aduersus
1167 2032 1242 2082 Can-

150 2117 315 2158 tacueenum
337 2116 427 2175 agunt
441 2105 563 2165 acriter,
585 2106 746 2171 praesertim
762 2101 937 2171 patriarcha
975 2101 1058 2155 Iurat
1072 2116 1100 2153 et
1120 2100 1171 2153 din
1188 2119 1241 2153 no·

151 2185 251 2244 sistque
275 2191 329 2244 per
354 2175 517 2228 coniuratos
539 2185 566 2228 ct
578 2175 703 2245 famulos
717 2170 889 2233 custoditur,
910 2170 1025 2243 quibus,
1043 2184 1074 2223 ut
1086 2169 1165 2224 dicta
1180 2173 1242 2222 eius

150 2243 295 2313 referant,
319 2259 419 2298 aurum
442 2240 537 2298 datur.
584 2245 796 2296 Cantaoutcnus
813 2260 829 2296 e
847 2255 937 2294 monte
960 2241 1028 2293 Atho
1044 2241 1241 2294 monachorum

150 2314 339 2367 sancdssimos
348 2324 458 2376 evocat,
477 2330 596 2386 quorum
606 2315 773 2366 existimatio
788 2312 962 2384 imperatrici
973 2327 1069 2381 pacem
1078 2307 1243 2381 persuadet.-

150 2381 201 2436 sed
217 2385 356 2467 sclipionc
377 2385 616 2456 a'compositions
642 2381 793 2454 impeditur
809 2381 878 2452 (34).
926 2380 1095 2435 Patriareha
1118 2393 1145 2435 et
1170 2379 1244 2433 socii

149 2454 295 2507 monaclus
310 2458 494 2507 irascuntur:
517 2456 594 2507 inter
613 2470 659 2507 sos
674 2454 799 2524 conflare
816 2449 975 2506 discordias
985 2449 1115 2504 student:
1136 2453 1243 2522 primo·

150 2521 436 2578 rssduriterhabcnt.
470 2528 709 2594 Aprotostratore
725 2523 849 2575 nuntius.
884 2520 1084 2576 Paritheorium
1098 2540 1114 2573 o
1132 2536 1242 2591 pugna·

150 2604 205 2647 tur.
239 2594 282 2647 De
302 2611 381 2647 muro
400 2592 476 2663 fiunt
495 2594 628 2647 convicia
648 2594 865 2646 Cantaeuacno:
894 2593 1071 2644 conviciator
1088 2540 1133 2641 ab
1147 2587 1242 2642 eodem

151 2663 306 2719 christiane
322 2666 469 2735 accipitur.
506 2661 774 2733 Oppidaniconsilio
793 2662 923 2730 peruersi
936 2662 1056 2714 hominis
1073 2658 1242 2712 deditionem

152 2745 315 2788 retractant
351 2736 417 2803 Imp.
433 2734 658 2787 Thessalonicam
678 2733 738 2785 abit
752 2732 816 2802 (3⁵)
860 2732 993 2799 Ioannes,
1022 2729 1180 2784 Andronici
1203 2726 1243 2797 s·

151 2804 219 2865 lius,
236 2802 396 2858 adolescens
411 2806 545 2870 Byzantii
558 2816 719 2856 coronatur.
743 2802 894 2855 Coniurati
902 2800 1087 2872 dignitatibus
1094 2810 1242 2853 ornantur.

151 2873 337 2927 Patriarchae
347 2875 452 2943 fitius.
502 2872 682 2943 Apocauchus
700 2890 830 2924 summum
857 2873 1000 2941 imperium
1024 2872 1081 2924 sibi
1109 2881 1241 2938 arrogat:

152 2944 324 3066 iiiiii
346 2943 1127 3081 iiiiii?''nihilist'‘hiiiiibittit?
1153 2953 1242 3062 hit}

153 3080 253 3144 dorae,
271 3082 376 3135 sororis
400 3082 557 3137 Andronici
579 3054 702 3135 ibtnioris
719 3078 824 3133 viduae
847 3093 874 3134 et
900 3080 1070 3143 monachae,
1094 3081 1127 3133 in
1157 3077 1243 3129 mori-

155 3150 278 3204 bundam
297 3165 324 3205 et
343 3166 478 3205 manuam
502 3152 614 3205 caritas.
658 3153 794 3205 inuentae
806 3152 942 3220 pecuniae
960 3148 1123 3219 magnitudo
1136 3160 1164 3199 et
1182 3145 1243 3197 slis-

154 3223 280 3277 tributio¹
318 3222 420 3275 Grauis
443 3226 474 3275 in
493 3224 715 3276 Cantacuaenum
732 3221 885 3275 calumnia.
923 3220 1029 3273 Contra
1043 3217 1157 3272 eundem
1169 3219 1244 3285 Apo-

156 3291 279 3345 cauchus
298 3293 411 3345 classem
430 3292 462 3344 in
478 3291 645 3345 occidentem
666 3303 750 3355 parat
773 3290 841 3361 (36).
879 3290 982 3359 Syrges
1003 3290 1107 3340 itinera
1127 3286 1244 3339 Thessa-

154 3362 278 3414 lenitam
289 3360 418 3415 obsidens
433 3361 585 3415 deluditur.
617 3362 775 3427 Polystylus
791 3359 922 3411 munitur.
959 3358 1173 3411 Proiostratoris
1183 3374 1245 3407 nso-

156 3432 228 3483 nitio
250 3444 278 3484 et
302 3431 409 3485 Chrelt's
429 3432 580 3501 responsio.
620 3430 968 3501 Imperatorisangustiae.
1004 3429 1118 3498 Syrges,
1143 3428 1245 3480 Mono-

156 3500 270 3555 ssathus
291 3514 319 3554 et
339 3502 482 3571 episcopus
505 3502 734 3569 metropolitanus
758 3497 798 3553 ad
822 3511 916 3552 castra
939 3498 1131 3551 Cantacuaeni
1147 3498 1244 3566 explo-

157 3584 266 3625 ratores
290 3572 410 3623 mittunt.
452 3574 507 3625 Per
524 3572 634 3625 litteras
650 3568 690 3621 ad
704 3586 750 3633 eos
768 3568 849 3621 datas
874 3586 952 3620 suam
972 3568 1164 3621 innocentiam
1185 3578 1246 3618 tus·

158 3650 223 3692 tur.-
243 3638 278 3692 de
300 3642 452 3694 iuramenti
472 3642 566 3695 causis
587 3639 717 3692 disserit:
738 3657 785 3692 eos
807 3638 993 3708 improbitatis
1009 3637 1154 3691 convincit
1177 3635 1244 3704 (37).

157 3710 326 3763 Ilelenieum
353 3710 564 3764 Cantacuzenus
583 3721 707 3775 occupat.
746 3709 900 3763 Chrelisest
916 3706 1073 3778 formidine
1090 3705 1246 3762 cunctatio:

157 3780 217 3833 sius
247 3778 372 3832 aduentu
401 3783 540 3833 exercitus
571 3781 703 3832 laetatur.
751 3778 966 3833 Protostratoris
998 3794 1100 3846 anceps
1128 3779 1246 3828 animus.

160 3849 374 3903 Thessalonicae
400 3851 563 3903 Zelotarum
585 3856 633 3917 (aa
651 3861 714 3901 erat
723 3848 820 3920 sectio
840 3848 1020 3916 Palaeologs)
1043 3843 1167 3917 nefleada
1187 3862 1247 3898 sce-

157 3918 225 3971 lera.
255 3920 448 3971 Protostrator
460 3936 521 3971 cum
542 3920 716 3989 optimatibus
723 3920 859 3990 fligatus,
880 3934 976 3988 agrum
989 3918 1149 3987 populatur.
1175 3914 1249 3966 Can·

159 3989 289 4041 ucuteni
303 3990 432 4056 afflictio.
469 3992 623 4057 Byzantini
645 3988 870 4055 Thessalonicam
886 3988 994 4057 magnis
1015 3988 1103 4050 copiis
1125 3983 1249 4053 ingredi·

159 4071 251 4110 untur.
290 4059 356 4111 Cum
374 4059 503 4113 exulibus
527 4060 698 4111 consultatio
719 4059 786 4127 (38).
823 4059 866 4129 In,
879 4058 1013 4111 concione
1031 4054 1168 4110 dicendae
1185 4071 1249 4106 sen·

161 4128 264 4181 untias
285 4133 385 4199 cuique
400 4128 442 4201 fit
460 4141 591 4199 potestas.
626 4130 698 4181 Aliis
718 4127 967 4193 tergiversantibus
985 4128 1140 4197 imperator
1163 4124 1250 4176 Tbes·

160 4198 286 4251 salonica
298 4196 495 4259 recedendum,
511 4216 562 4249 nec
575 4196 732 4251 adcaema
746 4195 946 4268 desperandum
955 4196 1140 4267 pronuntiat.-
1159 4192 1250 4246 nten-

161 4266 238 4321 tinas
249 4267 422 4338 praesidium
438 4267 612 4341 augendum,
636 4264 861 4326 Thessalonicam
873 4265 1088 4330 incursandam:
1105 4280 1160 4338 quo
1169 4261 1249 4332 facto
