3125 4900
280 241 337 330 3ο
579 223 585 232 ’
673 269 954 338 muricumur

128 424 189 482 m
202 425 265 501 ιδδι
276 422 485 490 ἀπαλλάττειν
498 419 645 506 ἐμαυτόν.
675 425 776 490 καίτοι
798 450 832 510 γε
852 428 928 492 σύδὲ
941 427 1082 509 βασιλίδι
1101 447 1137 490 τε
1148 425 1205 492 καί
1222 435 1288 505 τοῖς
1301 434 1364 513 βα-

274 525 386 599 σιλέως
406 521 515 588 παισίν
536 525 570 587 dx
589 525 644 606 τῆς
659 517 789 603 άδοξίας
808 528 941 609 ταυτησί
956 524 1085 590 καδταῖν
1099 521 1250 590 κινδύνων
1273 530 1363 614 ops-

272 619 359 688 λειάν
378 647 448 687 τινα
469 619 566 702 ἔξεστι
590 625 739 705 πορίζειν.
773 619 814 709 ἧν
833 623 891 711 γάρ
914 620 954 691 άν
975 629 1066 690 τούτο
1086 624 1294 712 παραμύθιον
1319 627 1362 691 ού

273 725 407 809 podice.
429 716 472 798 ὥς
494 713 535 786 άν
563 723 598 787 δὲ
618 720 661 806 μη
687 725 769 788 δοκοῖ
788 722 864 799 τούς
884 725 962 811 ὑπὲρ
985 728 1047 788 τοῖν
1066 726 1222 806 βασιλέως
1236 729 1362 791 παίδων

271 821 387 897 πδνους
406 819 462 886 καί
479 821 642 898 κινδύνους
663 822 925 908 ἀποδιδράσκειν,
962 828 1018 888 νῦν
1045 826 1105 905 μὲν
1132 825 1167 888 δν
1195 826 1252 908 τῆς
1272 822 1381 909 σύριγ-5

269 943 324 1004 νης
357 928 424 996 τοῖς
451 927 590 1002 καιροῖς,
623 916 676 985 ὅτε
702 921 782 1006 μήτε
815 919 950 1003 πόλεμος
984 922 1107 1005 οδδείς,
1141 920 1220 1006 μήτε
1252 928 1361 988 κακῶν

270 1021 444 1104 προσδοκία
466 1021 626 1104 μηδεμια,
655 1019 855 1107 πατριάρχης
873 1043 907 1086 τε
929 1020 984 1085 καί
1002 1021 1172 1106 σύγκλητος
1203 1015 1270 1104 ἅμα
1299 1027 1360 1105 βα-

238 1119 369 1186 Βσιλίδι
399 1115 574 1184 ἰδυνύντων
600 1116 656 1202 τὴν
682 1117 788 1204 άρχὴν
813 1119 870 1184 καί
900 1119 938 1185 τά
962 1124 997 1185 ἑκ
1026 1119 1140 1204 ταύτης
1168 1119 1275 1203 άγαθά
1302 1124 1364 1186 καί

268 1214 324 1295 τάς
345 1216 440 1299 τιμάς
461 1219 685 1300 ceparisina.
727 1217 783 1283 δάν
813 1222 852 1285 δέ
871 1241 949 1284 ποτε
968 1220 1111 1303 συμβαίη
1131 1217 1273 1300 πόλεμόν
1285 1242 1359 1285 τινα

268 1318 468 1402 α’ναφυῆναι,
489 1319 634 1384 κίνδυνον
656 1313 846 1384 ἀπειλοῦντα
873 1322 1028 1406 βασιλέως
1052 1326 1119 1394 τοῖς
1149 1320 1259 1394 παισί,
1292 1315 1404 1383 τότίο

269 1415 366 1491 αύτδς
387 1410 447 1500 ἤδη
468 1416 642 1502 προθύμως
662 1427 727 1494 τοῖς
748 1421 906 1494 κινδύνοις
926 1420 1093 1504 δμπυιρὲξω
1116 1414 1279 1498 δμαυτδν,
1302 1415 1362 1481 καί

266 1507 515 1600 {perorandae
537 1513 594 1600 την
623 1515 726 1602 άρχην
755 1509 901 1603 αύτοδςῆ
928 1515 1009 1604 ύπὲρ
1032 1517 1137 1582 adroic
1156 1514 1360 1599 μαχούμενος

266 1615 446 1696 πεσούμαι,
474 1609 518 1690 ὥς
534 1609 574 1680 άν
593 1615 664 1696 ἐμοί
676 1619 735 1697 μὲν
756 1615 786 1682 οἱ
814 1613 906 1681 πόνοι
922 1615 978 1681 καί
991 1617 1031 1680 τύ
1043 1613 1255 1693 κινδυνεύειν,
1279 1613 1360 1697 ύμῖν

265 1713 302 1778 dd
320 1710 356 1777 τδ
375 1716 535 1801 ε’ντρυφςῖν
553 1725 619 1789 τοῖς
635 1715 800 1801 πράγμασι
819 1715 875 1779 καί
899 1717 1006 1780 adreio
1029 1711 1281 1797 καταπολαύειν,
1294 1738 1359 1799 μη-

264 1808 656 1896 δενδςπαρενοχλούντος,
678 1815 876 1896 περιγίνοιτο.
917 1809 1093 1899 κεφάλαιον
1115 1815 1151 1876 δδ
1172 1815 1235 1876 τῶν
1254 1807 1401 1895 λόγωνῐὸ

263 1915 327 1976 τιδν
345 1913 445 1991 ἐμῶν,
465 1910 508 1985 oie
529 1909 719 1976 ἔστινοδδὲν
744 1910 780 1974 rt
814 1919 941 1992 πεῖσον,
970 1906 1074 1995 ύσπερ
1093 1916 1149 1976 καί
1180 1907 1355 1996 πρότερον,

173 2009 403 2098 Ρ.359ἔχεσθαι
421 2011 483 2073 τῶν
504 2011 697 2093 πραγμάτων
714 2013 770 2094 τῆς
786 2011 900 2094 ἀρχῆς.
948 2009 992 2085 οἷς
1012 2003 1052 2073 άν
1073 2013 1110 2076 δὲ
1133 2009 1188 2074 καί
1209 2008 1312 2093 ἔργοις
1335 2008 1357 2074 δ

261 2111 344 2192 λέγω
369 2104 546 2192 κατάδηλον
568 2107 710 2192 ποιήσω,
731 2111 789 2192 τῆς
807 2106 969 2193 συνήθους
984 2110 1144 2193 καθέδρας
1170 2108 1356 2195 δξαναστάς,

263 2209 318 2294 ἐφ’
338 2202 450 2294 ἑτέραν
474 2209 694 2290 καθεδοῦμαι,
726 2207 768 2272 ἵν’
790 2209 939 2294 εἰδείητε
964 2211 1089 2290 βασιλίς
1112 2232 1146 2272 τε
1168 2212 1224 2273 καί
1244 2205 1356 2292 ύμεῖς,

263 2305 308 2385 οδς
327 2305 418 2396 οδδὲν
435 2299 493 2390 ἤδη
510 2304 546 2369 τὸ
562 2305 692 2388 ursides,
718 2306 827 2392 ἕτερόν
847 2332 936 2389 τινα,
960 2303 997 2372 δν
1009 2301 1049 2372 δν
1068 2306 1227 2392 βούλησθε
1248 2307 1401 2390 αύτοί,10

263 2409 330 2481 τοῖς
361 2402 543 2491 πράγμασιν
568 2405 731 2496 ἐφιστᾷν.”
756 2402 859 2483 οὕτως
883 2405 1001 2490 εἶπάν,
1028 2410 1078 2494 ἐφ’
1103 2410 1210 2494 ἕτερον
1239 2409 1356 2493 μετέβη

261 2505 373 2587 τ’όπον,
398 2500 504 2591 ιδ’σπτρ
525 2503 605 2596 ἔργιγ
627 2510 832 2592 παραχωρῶν
847 2504 945 2596 ἑτέρην
966 2512 1024 2593 τῆς
1044 2503 1159 2591 άρχῆς.
1200 2506 1220 2569 o‘
1241 2530 1357 2592 πατρι-

262 2606 365 2689 άρχης
386 2607 421 2670 δὲ
435 2608 570 2671 τοιαῦτα
591 2601 728 2691 ὁρῶντε
748 2604 805 2671 καί
826 2604 960 2693 οἰκυύαιν,
980 2602 1138 2691 ,σκληρός
1153 2610 1239 2673 ἐστιν
1260 2606 1278 2669 d
1300 2601 1358 2671 tt-

336 2790 361 2844 5.
379 2790 411 2847 tr
430 2794 491 2849 τοῖς
511 2792 559 2856 τοῖς
576 2790 628 2862 sip.
647 2794 759 2863 καιροῖς
775 2790 812 2842 tt
922 2791 1200 2860 adsuescendum
1219 2792 1249 2843 Ρ.

260 2932 366 3003 peritus
384 2928 482 2990 videri.
517 2930 607 2999 Quum
627 2930 663 2985 ob
682 2947 792 2985 cansam
818 2939 847 2984 et
865 2930 1072 2985 discriminibus
1099 2940 1128 2984 et
1155 2930 1287 2984 infamiae
1308 2947 1353 2983 me

262 3002 370 3056 decrevi
398 2999 564 3053 subduccre:
592 3000 664 3055 unde
687 3020 738 3053 nec
762 3000 797 3052 sd
816 3004 1038 3070 imperatricem,
1057 3017 1108 3054 nec
1126 3000 1161 3053 ad
1179 3001 1352 3072 imperatoris

263 3074 366 3128 liberos
386 3072 493 3141 aliquid
512 3072 689 3125 emolumenti
709 3070 888 3124 redundabit:
909 3080 980 3126 esset
997 3073 1071 3124 enim
1085 3070 1138 3126 hoe
1153 3090 1208 3126 non
1226 3074 1353 3142 exiguum

263 3145 402 3197 solatium.
439 3142 480 3196 Ne
499 3152 589 3196 autem
612 3142 718 3194 iabores
737 3150 851 3212 propter
878 3144 949 3197 iiiios
976 3144 1149 3210 imperatoris
1173 3142 1354 3211 capessendos

263 3216 350 3266 vitare
376 3213 531 3277 existimer,
560 3232 635 3267 nsrne
660 3212 772 3283 quidem
797 3214 827 3264 in
856 3213 906 3264 ista
935 3229 1011 3283 poce,
1028 3231 1089 3265 eum
1116 3230 1168 3265 nee
1185 3214 1289 3264 betium
1311 3220 1354 3265 cst

265 3286 371 3346 ulium,
389 3298 439 3333 uec
457 3286 587 3335 maiorum
606 3286 783 3352 exspectatio,
803 3282 955 3351 patriarcha
979 3292 1007 3335 et
1025 3284 1172 3335 concilium
1208 3300 1262 3333 una
1291 3300 1354 3334 eum

265 3352 437 3424 imperatrice
456 3355 603 3423 imperium
624 3362 733 3423 regant,
754 3353 869 3423 eiusque
888 3353 967 3405 bonis
989 3363 1017 3407 et
1035 3352 1189 3411 lrnnoribus
1206 3351 1353 3423 perfruan-

265 3434 319 3483 tur,
355 3421 437 3494 Quod
455 3425 478 3475 si
493 3424 641 3492 aliquando
662 3440 744 3485 ernau,
764 3425 937 3491 imperatoris
959 3423 1055 3477 liberis
1074 3425 1224 3494 periculum
1243 3422 1352 3475 denun-

266 3496 377 3559 tiantia,
396 3493 588 3556 movebuntur,
608 3510 712 3544 rursum
732 3494 848 3562 impigre
871 3493 993 3546 hostium
1015 3496 1079 3547 telis
1097 3510 1140 3544 me
1158 3492 1304 3546 obiccubo
1324 3502 1355 3549 et

265 3574 316 3617 aut
339 3564 484 3632 imperium
513 3563 567 3615 iilis
594 3561 707 3617 servabo
731 3566 871 3616 incolume
898 3571 947 3616 sus
973 3580 1067 3616 corum
1093 3579 1173 3615 cansa
1203 3564 1232 3616 in
1259 3564 1351 3617 medio

267 3640 416 3688 certamine
443 3633 619 3685 occumbam:
643 3642 674 3686 ut
700 3649 749 3701 ego
773 3632 885 3704 quidem
912 3634 1019 3687 iabores
1039 3632 1157 3685 habeam
1176 3639 1204 3685 et
1220 3635 1352 3701 pericula,

266 3719 315 3761 vos
334 3714 424 3757 autem
442 3704 569 3755 omnibus
590 3704 674 3773 copiis
694 3702 847 3767 affluentes,
866 3704 971 3758 delitiis
991 3712 1019 3755 et
1038 3703 1145 3771 gaudiis
1165 3702 1352 3765 dediti‚vitsm

267 3774 346 3829 nullo
371 3772 539 3843 impediente
567 3774 730 3844 transigatis.
778 3774 867 3845 Caput
890 3775 1009 3840 denique
1033 3781 1061 3825 et
1088 3792 1191 3827 summa
1216 3775 1350 3828 orationis

269 3862 346 3899 meae
374 3850 432 3907 est,
457 3861 486 3895 re
513 3842 590 3896 nulla
610 3860 652 3895 me
671 3843 816 3897 adductum
834 3846 878 3905 iri,
900 3853 940 3908 ut,
961 3844 1099 3913 quomodo
1119 3844 1243 3907 antehac,
1262 3845 1350 3914 impe-

267 3916 341 3968 rium
365 3914 567 3967 administrem:
598 3922 627 3967 et
673 3930 707 3966 uo
734 3915 807 3969 sacto
836 3915 918 3967 simui
941 3914 1017 3983 qued
1042 3914 1104 3968 dico
1131 3916 1349 3985 comprobem,e

268 3986 335 4041 seila
354 3992 484 4037 consueta
502 4000 623 4053 surgens,
640 3934 709 4035 aiibi
728 3985 841 4049 sedebo,
859 3986 1016 4053 utdugusta
1035 3994 1064 4037 et
1079 4002 1126 4037 vos
1146 3986 1214 4038 scire
1233 3985 1351 4057 questis,

267 4056 340 4108 nihii
364 4056 418 4107 iam
446 4054 574 4115 obstare.
602 4074 657 4126 quo
681 4056 770 4109 minus
793 4056 877 4107 aliuru
902 4056 1057 4141 quempiam
1075 4073 1091 4107 e
1109 4064 1196 4109 vestra
1214 4056 1350 4109 sententia

266 4128 351 4181 tantis
376 4126 457 4178 rebus
481 4127 652 4195 praeficiatis.
695 4126 768 4179 Haec
794 4127 884 4188 satus,
911 4142 941 4176 sn
969 4126 1053 4179 alium
1079 4126 1184 4190 locum,
1210 4134 1350 4196 umquam

266 4196 328 4267 ipso
358 4212 440 4268 opere
466 4198 546 4252 alteri
571 4197 716 4268 imperium
739 4194 849 4261 cedens,
876 4197 1016 4250 concessio
1051 4196 1088 4250 As
1108 4198 1179 4252 enirn
1196 4195 1350 4267 patriarcha
