3125 4900
437 360 736 466 srrsromluuru³
751 364 809 428 m.
840 368 894 438 τι.
1113 338 1200 454 467

114 523 178 595 τοῖς
205 509 314 595 ἄλλοις
345 516 474 595 οῦδενὸς
498 519 649 605 ἐμέλησεν
669 512 799 605 ἑτέρου,
827 508 1089 603 ἢόπροῦθιντο
1107 520 1271 607 &lap-M.
1282 524 1350 598 1343
1450 506 1456 516 ’

111 618 182 703 χῆς’
194 614 308 699 εῦθῦς,
329 614 365 682 τό
389 616 594 705 διαφθείρειν
618 618 676 701 ε’μὲ
698 619 755 682 κατ’
770 627 874 684 ποιεῖν
891 620 927 684 ἐκ
945 618 1065 699 μέσου,
1096 611 1234 703 &dp-B

110 740 182 800 χειν
209 716 311 791 deser
340 714 444 799 ἔχοιεν
471 709 576 781 αῦτοί.
630 712 691 800 ἐμά
716 717 752 781 δὲ
776 717 835 781 τοῦ
857 718 946 805 κοινῇ
965 720 1203 795 λυσιτελοῦντος

112 818 220 897 ἕνεκα,
242 810 348 901 όίσπερ
379 818 435 881 καί
455 813 528 900 αἐί,
560 818 616 881 καὶ
641 810 805 899 βοόλομαί
822 838 860 881 τε
885 816 1036 900 καὶπερὶ
1056 817 1204 881 πλείστου

92 908 180 999 δάμω
203 912 261 999 την
280 913 417 999 εἰρήνην,
448 912 533 999 εἴγε
554 914 719 999 βούλοιντο
744 917 799 980 καί
816 912 912 981 αῦτοί
928 917 993 980 τάν
1011 912 1206 995 πλασμάτων

116 1014 172 1079 καί
199 1014 418 1101 Ψευδρλομῦν
438 1011 633 1091 ἀποστάντες
661 1017 951 1101 παρακοιμωμὲνου
972 1011 1135 1090 διαλύσεις
1155 1016 1205 1079 τί-

114 1116 247 1179 θεσθαι.
287 1113 318 1176 sl
337 1112 368 1175 δ’
389 1105 486 1190 αόθις
509 1113 606 1178 edroi
621 1110 677 1180 τόν
697 1108 837 1195 πόλεμον
855 1121 986 1195 κινοῖεν,
1007 1109 1054 1197 μή
1076 1110 1150 1194 ἐμοί
1165 1105 1207 1179 τό

116 1211 251 1296 όσόμενα
280 1209 364 1277 κακά
392 1214 428 1278 δτι
454 1215 514 1278 τοῦ
538 1214 679 1295 πολέμου
708 1213 1005 1298 -προσλογιζεσθαι,
1037 1215 1107 1278 αλλ’
1133 1210 1209 1279 ἔαυ-

113 1320 196 1395 τοῖς,
229 1311 334 1400 πολλῷ
351 1314 416 1377 seis
437 1312 707 1398 προϋπηργμένων
727 1308 911 1399 δεινότερα,
943 1310 990 1388 σός
1012 1310 1096 1398 όριῦ,
1132 1312 1208 1379 ἐσό-

73 1432 205 1497 πομενα.
238 1413 351 1477 ε’κεῖνοι
382 1412 443 1494 μὲν
470 1409 530 1499 γάρ
552 1414 684 1489 Μυσοῖς
718 1414 775 1479 καί
806 1416 976 1497 Τριβαλοῖς
1009 1408 1118 1489 πόλεις
1153 1416 1210 1481 καί

114 1506 226 1597 χώρας
257 1512 519 1597 καταπροῖέμενοι
547 1512 739 1594 συμμάχους
771 1505 978 1595 ἐποιήσαντο,
1005 1505 1054 1589 οἷς
1077 1512 1128 1576 ἐπ’
1148 1513 1208 1595 ἐμὲ

115 1610 314 1674 διανοοῦνται
344 1608 503 1694 χρῆσθαι.
560 1602 609 1686 οἷς
638 1608 854 1675 οἷνθιλττασθαι
884 1603 943 1673 οῦκ
976 1604 1017 1675 ῦν
1049 1612 1208 1696 δυναίμην

114 1704 198 1791 μετά
215 1707 382 1791 Ῥωμαίων
398 1710 463 1775 νῦν
482 1709 666 1795 παρόντων·
688 1710 831 1773 λείπεται
851 1704 892 1792 δή
916 1707 1000 1791 seipsi
1019 1713 1208 1793 συμμαχίαν

115 1804 219 1897 ἐαυτῷ
236 1805 395 1893 πορίζειν,
418 1804 442 1892 ἢ
457 1814 525 1884 τοῖς
543 1812 736 1891 πολεμοῦσιν
756 1802 979 1892 ἀντιστήσεται
1000 1811 1057 1875 καί
1069 1810 1237 1895 decepis-c

76 1908 177 1993 εὔρεϊ.
220 1906 259 1971 οῦ
293 1904 356 1992 γάρ
384 1902 466 1973 ἑνοῦν
498 1900 582 1972 εἶναι
606 1903 789 1992 προησομαι
819 1904 879 1992 τὴν
907 1908 1053 1989 ἐμαυτοῦ
1071 1908 1128 1971 καί
1145 1911 1210 1974 τάν

117 2004 277 2072 συνόντων
297 2008 466 2093 σωτηρίαν.
507 1999 587 2091 αῦτη
608 2008 645 2071 δὲ
672 2002 855 2088 οῦδαμόθεν
875 1994 1012 2073 ῦλλοθεν
1032 2010 1209 2093 παρέσται,

117 2098 141 2189 τ’)
164 2106 199 2184 ἐξ
217 2104 331 2181 Ἀσίας
353 2100 521 2191 Περσική·
545 2104 579 2169 οδ
593 2102 758 2193 βάρβαροί
772 2130 806 2172 τε
826 2098 913 2182 ὄντες
931 2108 989 2170 καί
1000 2105 1054 2170 ἄπ’
1067 2106 1212 2181 ε’ναντίας

118 2202 195 2288 ἡμῖν
218 2200 295 2289 περὶ
319 2201 354 2269 τό
376 2208 474 2287 σέβας
509 2202 700 2285 διακείμενοι
727 2200 883 2287 οῦδεμίον
903 2202 1004 2292 φειδώ
1025 2202 1211 2291 ποιὴσοντόι

118 2306 182 2368 τῦν
200 2298 418 2385 ἐμπιπτόντων
438 2312 510 2381 ταῖς
536 2304 667 2389 χερσῖν,
691 2303 775 2369 α’λλά
797 2302 871 2379 τοῦς
891 2308 953 2385 μὲν
985 2306 1213 2388 α’ποιιτενοῦσι,
1298 2317 1302 2323 ’

72 2400 197 2478 ποιοῦς’
218 2403 254 2468 dd
275 2399 330 2468 ἐπί
348 2404 478 2493 δουλείηι
498 2400 727 2475 άποδιόσονται.
767 2405 800 2469 εἰ
816 2404 876 2484 μὲν
897 2396 955 2467 οόν
975 2424 1047 2468 τινα
1059 2405 1123 2475 τοόν
1133 2407 1211 2485 μελ·
1267 2428 1274 2454 ⁸

118 2502 237 2568 λόντων
264 2499 516 2590 διαφθείρεσθαι
535 2501 623 2569 ἔλεον
649 2499 798 2586 λαβόντες
819 2497 977 2585 sepriensis
993 2500 1120 2586 εἰρήνην
1140 2503 1213 2566 όθί·

120 2609 201 2670 λοισι
226 2609 362 2688 χωρεῖν,
397 2600 485 2685 κῦμά
513 2599 652 2682 μάλιστα
680 2603 854 2686 βουλοίμην
874 2592 927 2684 όν,
946 2598 1002 2666 κατ’
1022 2602 1058 2665 ἐν
1078 2599 1214 2684 ἡμέραις

119 2699 347 2769 arnaudum
366 2699 579 2782 πεμπέτωσαν
589 2697 666 2778 τοῦς
686 2702 853 2787 ἐροῦντας,
873 2693 923 2766 ότι
932 2693 1125 2766 διαλύεσθαι
1136 2721 1216 2765 συν·

192 2869 235 2908 τα
253 2845 307 2910 σόν
326 2849 390 2907 add.
406 2851 445 2906 Μ.

120 2968 228 3024 tamdiu
246 2987 303 3024 rem
321 2969 469 3025 Romanam
486 2969 793 3036 administravi‚melies
810 2979 840 3026 et
856 2971 966 3035 utilius,
984 2985 1065 3054 <pram
1081 2967 1146 3039 ipsi,
1161 2965 1215 3020 boe

122 3057 224 3094 munus
252 3041 368 3104 obirem,
403 3041 573 3094 Patriarebae
598 3041 681 3110 igitur
704 3047 733 3094 ei
757 3041 840 3097 sociis
863 3043 938 3096 nihil
964 3040 1042 3092 ahud
1068 3040 1099 3092 in
1121 3036 1215 3090 studio

121 3111 190 3176 fuit,
215 3127 299 3184 quam
325 3111 402 3183 quod
423 3111 478 3164 sibi
497 3127 514 3162 a
537 3112 674 3182 principio
702 3121 916 3182 proposuerunt,
938 3127 983 3163 ms
1008 3109 1140 3162 nimirum
1163 3107 1217 3159 bae

122 3183 188 3236 luce
208 3183 331 3252 privare,
356 3197 412 3255 quo
430 3181 485 3252 ipsi
504 3185 625 3235 securius
640 3185 775 3253 imperare
795 3177 905 3254 queant.
933 3181 970 3234 Ab
986 3195 1036 3248 ego
1054 3179 1122 3232 boni
1140 3195 1216 3230 eom·

122 3251 569 3376 eidnssilz.‘³:²1⁰lzi‘0⁰²2l
585 3253 891 3394 iiili'lgliliffli
908 3250 1218 3388 milluplum

125 3393 249 3446 cubiculi
269 3391 427 3446 recedentes
463 3407 523 3444 eam
541 3395 686 3464 complecti
706 3394 801 3446 velini.
845 3394 877 3446 Si
901 3391 1008 3446 bellum
1026 3391 1216 3452 instaurarint,

124 3479 164 3518 ne
188 3463 259 3516 mibi
283 3478 420 3518 emersura
443 3463 509 3517 inde
526 3465 620 3528 mala,
643 3463 890 3533 praecedentibus,
917 3470 950 3514 ut
974 3475 1109 3532 auguror,
1135 3461 1145 3511 l
1184 3474 1217 3528 ge

127 3535 272 3606 graviore,
299 3531 349 3586 sed
376 3532 431 3585 sibl
449 3533 591 3587 tribuant:
610 3533 721 3604 quando
740 3535 796 3609 ipsi
813 3533 916 3588 Moesis
936 3537 971 3584 eb
983 3529 1115 3584 Triballis
1134 3543 1167 3580 ur
1189 3544 1218 3580 es

127 3613 159 3657 et
187 3604 309 3672 regiones
334 3605 413 3675 quasi
443 3604 572 3672 praedam
592 3603 754 3658 obiecerunt
776 3611 806 3656 et
829 3601 973 3656 adversum
1001 3619 1045 3654 me
1070 3599 1218 3652 auxiliares

127 3673 320 3740 admirer-unu
352 3673 455 3746 quibus
480 3677 545 3747 quia
571 3675 698 3729 resistere
723 3690 785 3728 cum
812 3675 949 3736 Romanis,
967 3687 1036 3743 quos
1056 3671 1138 3737 duco,
1161 3682 1220 3722 non

125 3745 219 3806 valeo,
235 3753 368 3814 superesi,
386 3751 418 3798 ut
434 3751 463 3798 et
480 3745 549 3798 mibi
567 3745 671 3798 auxilia
688 3745 723 3798 ed
740 3743 834 3798 hostes
851 3761 928 3798 meos
946 3741 1127 3795 debellandos
1142 3739 1221 3794 firma

127 3831 302 3884 comparem:
326 3817 392 3870 nolo
417 3818 520 3887 quippe
544 3831 632 3868 meam
664 3815 844 3886 meorumque
871 3815 990 3868 salutem
1013 3813 1140 3884 prodere.
1180 3813 1221 3865 Ea

126 3901 196 3939 vero
221 3885 325 3937 auxilie
349 3902 407 3938 nun
426 3886 556 3950 aliunde,
589 3903 672 3958 quam
690 3887 831 3938 Persarum
850 3903 886 3938 ex
903 3884 966 3938 Asia
987 3883 1221 3952 suppeditabuntz

129 3955 183 4030 qul
207 3963 235 4008 et
253 3956 364 4008 barbsri
383 3963 411 4010 et
427 3973 564 4011 sacrorum
587 3959 662 4010 cultu
687 3955 768 4010 nobis
790 3956 937 4009 dissimiles
962 3955 1052 4007 obviis
1080 3971 1137 4006 non
1174 3969 1221 4002 er-

130 4033 216 4090 eent,
242 4023 292 4079 sed
316 4027 386 4077 alios
412 4029 525 4100 quidem
551 4027 747 4092 trucidabunt,
763 4029 832 4080 alios
856 4030 888 4079 in
909 4026 1070 4079 servitutem
1091 4041 1143 4076 ren
1164 4027 1221 4074 ent.

131 4097 229 4166 Quare
256 4099 280 4150 si
303 4097 488 4166 periturorum
511 4101 688 4153 miseralione
709 4097 854 4162 commoti,
877 4097 912 4151 ad
928 4111 1024 4166 pacem
1043 4097 1107 4147 dare
1125 4109 1155 4144 se
1170 4105 1223 4145 ro·

130 4168 211 4230 lent,
236 4165 266 4218 id
292 4183 341 4236 ego
368 4185 478 4240 quoque
511 4187 682 4242 summopere
704 4169 936 4240 vehementerque
956 4167 1057 4222 velims
1075 4173 1104 4214 et
1124 4161 1224 4214 diebus

131 4235 296 4310 qulndecim
316 4239 441 4302 mittant,
465 4241 513 4312 qui
531 4257 576 4296 me
595 4244 629 4296 de
646 4257 778 4296 consensu
797 4241 909 4292 illorum
927 4237 1077 4307 superbae
1095 4251 1126 4286 re
1142 4233 1225 4285 certi·

132 4321 214 4362 οτετο
233 4307 337 4374 laniat,
359 4315 393 4364 nt
420 4309 480 4382 ipse
502 4311 633 4369 similiter
658 4313 767 4367 mittam
784 4309 973 4384 barbarosque
987 4309 1045 4362 lam
1062 4310 1174 4376 parason
1192 4303 1225 4359 ln
