3125 4900
354 282 438 388 ὅλα
727 306 1014 375 crunreuzuur

203 462 403 547 λαιλλὸδδς
426 464 481 529 καί
498 462 588 549 τρῖς,
609 456 690 529 diti
712 458 770 527 καὶ
786 459 958 545 πολλάκις,
980 462 1024 541 uie
1047 457 1172 551 δράμεν
1185 456 1441 551 immauru-

353 560 448 649 ζηνὸν
468 558 624 645 ἰσχύοντα
641 560 785 645 μεγάλα,
816 564 873 627 κατ’
894 561 1080 645 δεδοάιαμεν
1106 562 1152 650 μή
1184 564 1240 631 καὶ
1263 570 1442 645 Βυζαντίου

351 664 575 748 περιγένηται·
609 660 679 726 αλλ’
691 659 755 745 εἴγε
766 660 824 727 καὶ
835 666 959 728 τοιοῦτο
976 668 1139 749 συμβαίη,
1172 668 1231 750 γής
1249 666 1353 750 μάνης
1372 694 1443 753 κρα-

352 758 441 848 τήσει
464 763 519 825 κατ’
537 754 700 847 οῦρανοῦ,
726 752 830 827 τᾶλλα
850 764 886 827 δέ
908 758 1007 838 αῦτδς
1027 765 1205 851 διαφθερεῖ
1220 768 1368 849 πολεμοῦν
1387 769 1442 829 ου’-

351 864 395 951 aqi
429 862 527 945 μέχρι
557 858 613 925 καί
636 860 694 925 τοῦ
721 860 938 945 δυνατοῦ,εέ
970 865 1079 945 μέλλει
1100 863 1157 929 καὶ
1185 862 1282 941 αῦτός
1317 860 1457 931 συνδιαό

352 964 549 1049 φθείρεσθαι
576 960 695 1037 αῦτοῑς.
738 960 795 1047 τής
822 985 856 1027 τε
881 956 940 1028 οῦν
970 966 1116 1050 φρουράς
1145 965 1201 1048 τῆς
1229 968 1306 1049 περὶ
1335 960 1443 1029 ἑαυτὸν

323 1058 474 1145 υπολλήν
493 1062 627 1125 ἐποιεῖτο
647 1060 826 1146 πρόνοιαν,
846 1061 903 1127 καὶ
920 1061 957 1128 τά
979 1065 1015 1127 ἐν
1046 1067 1221 1145 βασιλείοις
1250 1072 1321 1141 τοῖς
1354 1067 1444 1129 Κων-

354 1162 517 1228 σταντίνου
538 1159 754 1245 δεσμωτήριον
783 1161 1009 1242 κατεσκεύαζεν
1040 1156 1067 1251 ᾗ
1093 1168 1262 1245 διενοεῖτο,
1295 1165 1442 1247 δημιουρ-

352 1270 420 1347 γοῖς
439 1283 504 1326 τισι
523 1257 559 1323 τέ
580 1257 672 1345 ἔργον
691 1262 879 1345 ἐπιτρέψας.
919 1266 1047 1345 συχνοῖς
1066 1265 1103 1329 δέ
1124 1264 1182 1327 καὶ
1199 1260 1300 1341 αῦτδς
1321 1266 1442 1348 ἐπιφοι·

352 1364 438 1443 τάν,
465 1362 667 1427 ἐπεσκέπτετο
697 1358 734 1425 τὰ
764 1359 856 1447 ἔργον
888 1360 944 1427 καὶ
962 1362 1200 1448 προσηνάγκαζε
1220 1360 1337 1446 τάχιον
1353 1379 1470 1426 κατα-ιο

354 1458 530 1539 σκευάζειν.
573 1457 603 1524 οἱ
623 1461 784 1541 δεσμῶται
805 1462 842 1526 δὲ
861 1459 945 1543 τό,τε
966 1460 1183 1547 δεσμωτήριον
1203 1460 1343 1546 δρῶντες
1353 1484 1440 1525 κατα-

354 1557 616 1643 σνευαζόμενον,·
638 1554 721 1625 οὕτω
750 1557 856 1625 δεινδν
885 1562 943 1625 καί
964 1558 1057 1643 ὀλίγα
1075 1557 1188 1647 τάφων
1207 1554 1365 1643 άποδέον,
1392 1556 1442 1623 καὶ

352 1656 412 1743 τήν
438 1654 581 1723 διάνοιαν
604 1658 662 1723 οῦκ
689 1659 894 1742 ἀγνοοῦντες,
915 1661 1087 1742 ἐσκέψαντο
1116 1658 1215 1725 αδτὸν
1234 1660 1438 1738 άποκτεινειν,

353 1752 434 1824 ὅταν
453 1759 580 1844 γένηται
603 1760 687 1843 ἐκεῖ,
710 1759 943 1847 ἀμφοτέρωθεν
964 1758 1076 1835 αῦτοῖς
1095 1756 1235 1841 οἰόμενοι
1253 1757 1310 1825 τὸν
1331 1760 1437 1825 ἐκεινου

352 1856 571 1945 λυσιτελήσειν
586 1857 696 1947 φόνον.
726 1853 766 1925 άν
786 1882 822 1925 τε
838 1861 901 1947 γάρ
917 1858 1186 1945 ἐπιτυγχάνωσιν,
1209 1850 1467 1937 dubitabuntur&

357 1960 464 2025 δεινοῦ
482 1952 635 2024 τοσοῦτον
666 1960 723 2025 καί
755 1960 863 2044 ζήσειν
882 1962 1081 2043 ἐλευθέρως·
1100 1951 1141 2023 dv
1159 1982 1194 2023 τε
1217 1955 1388 2043 ήττοῦνται,
1404 1958 1460 2029 ά.

261 2059 548 2143 λλδὸγποθνήσκειν
584 2060 642 2123 κατ’
666 2050 764 2137 αὖθις
792 2059 1049 2125 ἀπαλλάττεσθαι
1073 2062 1133 2125 τοῦ
1158 2060 1283 2137 ζάντας
1311 2080 1435 2141 κατορω·

355 2156 489 2245 ρῦχθαι.
529 2160 662 2223 τοιαῦτα
681 2162 742 2239 μὲν
762 2154 793 2223 οἱ
814 2159 976 2239 δεσμῶται
994 2152 1222 2241 ἐβουλεάσαντο
1264 2160 1324 2223 καί
1351 2176 1435 2237 παρε-

354 2255 473 2351 τήρουν
490 2254 613 2343 καιρὸν,
634 2260 668 2324 ἐν
690 2248 717 2349 d
736 2260 968 2323 α’ποκτενοῦσιν
989 2260 1182 2339 ἐπιθέμενοι
1205 2254 1286 2338 δοῦξ
1307 2259 1343 2322 δέ
1360 2254 1377 2319 δ
1388 2250 1434 2335 μὲ-

355 2382 414 2445 γας
426 2356 482 2423 τδν
495 2349 589 2423 ῦλλον
606 2354 734 2443 χρόνον,
755 2354 849 2444 ήνίκα
869 2355 938 2423 ἔδει
956 2356 1038 2444 πρδς
1057 2356 1100 2423 τά
1126 2356 1368 2424 Κωνστοιντίνου
1385 2355 1460 2419 τοῦτο

355 2458 497 2544 μεγάλου
517 2461 664 2543 βασιλεια
685 2461 909 2546 εἰσέρχεσθαι,
937 2455 1056 2544 πολλήν
1074 2455 1228 2544 πρόνοιαν
1248 2459 1355 2524 αῦτοῦ
1376 2478 1433 2521 ποι·

356 2557 505 2642 οῦμενος,
527 2553 715 2646 (ἑπομένους
739 2581 774 2624 τε
793 2556 857 2644 γάρ
876 2551 963 2643 εἶχεν
982 2557 1038 2624 αἐέ
1055 2561 1118 2624 τοῦν
1139 2553 1332 2644 δορυφόρων
1357 2555 1431 2621 δαλε-

356 2663 420 2726 τῦν
439 2659 595 2743 πολλοῦς,
623 2661 680 2724 καὶ
696 2657 770 2734 τοῦς
793 2653 957 2742 δεσμάτας
978 2658 1112 2740 πέμπων
1130 2660 1309 2734 κατέκλειεν
1327 2657 1361 2722 ἐν
1377 2661 1433 2727 τοῖς

356 2756 511 2845 εἱρκταῖς,
533 2757 631 2845 δχρις
649 2753 690 2824 siv
708 2761 831 2825 ἐκεῖθεν
851 2757 1082 2824 άπαλλάττοιτο
1093 2760 1121 2848 ‚)
1151 2754 1220 2820 τότε
1233 2757 1299 2822 τῶν
1317 2754 1431 2820 δεόντων

431 2909 454 2946 r.
475 2889 533 2965 δρῶ
552 2893 609 2965 μὲν
625 2893 656 2952 Ρ.
726 2912 752 2949 u.
770 2891 891 2948 δένοινα
905 2893 933 2946 Ρ.
995 2910 1021 2964 γ.
1037 2893 1087 2958 auls
1099 2908 1151 2962 pro
1167 2897 1230 2950 τοτε
1249 2891 1283 2950 Ρ.
1295 2896 1324 2944 et
1339 2888 1376 2942 bl.

358 3035 442 3144 quarn
467 3036 542 3074 nune
563 3027 705 3090 potentem
731 3021 866 3076 cernimus
897 3017 1133 3089 Centaeurenurn3
1166 3019 1335 3083 timendum,
1356 3032 1389 3070 ne
1409 3020 1432 3066 et

380 3091 491 3159 ynantio
513 3093 645 3162 potiatur.
688 3092 725 3144 Δλ
751 3091 827 3144 eninr
851 3091 876 3143 sl
900 3089 932 3143 id
954 3089 1119 3161 contigerit,
1144 3089 1202 3143 sola
1226 3099 1302 3144 terra
1325 3085 1432 3141 eteocle

358 3165 530 3233 potiturum:
559 3171 648 3216 cetera
673 3179 703 3214 se
727 3160 857 3217 bellando
875 3176 936 3212 eum
955 3163 965 3212 i
986 3175 1033 3225 ιο,
1052 3167 1185 3232 quantum
1202 3165 1306 3230 pessit,
1324 3158 1432 3229 perditu-

358 3251 437 3297 rum,
460 3233 569 3288 etiamsi
592 3249 654 3287 eum
685 3233 741 3287 illis
763 3234 825 3302 ipse
850 3231 955 3300 perden
976 3231 1069 3285 ussit.
1104 3231 1147 3284 De
1165 3232 1347 3302 stipatoribus
1363 3230 1432 3299 igitur

359 3303 458 3358 sedulo
488 3304 544 3357 sibl
560 3302 743 3374 providebat,
755 3320 756 3329 ¹
769 3311 800 3354 et
825 3301 854 3354 iu
871 3301 975 3370 palatio
995 3301 1226 3357 constantiniano
1243 3300 1432 3362 nasceremini

359 3381 509 3438 statuerat,
542 3391 625 3444 opere
643 3371 795 3427 artificibus
814 3373 905 3424 locato
922 3371 1100 3437 aedificabat,
1123 3374 1291 3445 saepiusque
1307 3371 1432 3427 recedens

359 3445 470 3499 labores
496 3461 546 3515 per
571 3461 600 3498 se
625 3445 809 3514 inspiciebat,
831 3459 864 3494 ae
882 3441 974 3497 labros
992 3443 1166 3514 perurgebat.
1207 3444 1244 3496 At
1268 3443 1352 3497 vincti
1373 3448 1432 3495 tun·

359 3531 496 3570 carcerem
522 3513 592 3569 adeo
614 3523 717 3568 tetrum
740 3529 894 3584 parumque
917 3532 934 3566 a
960 3516 1093 3585 sepulcris
1122 3513 1296 3568 differentem
1328 3505 1432 3588 construi

360 3595 521 3648 cernentes,
549 3593 578 3638 et
595 3601 639 3638 seo
661 3603 707 3640 um
725 3587 841 3638 minime
858 3583 1036 3651 ignorantes,
1054 3583 1216 3638 redeuntem
1236 3594 1354 3640 maerere
1369 3593 1433 3646 ιαμ·

360 3663 437 3719 tant,
458 3657 562 3710 utrovis
588 3601 670 3711 ιιτοῦο
699 3655 810 3709 eaedem
827 3655 915 3724 ipsius
933 3654 987 3707 sibi
1005 3656 1178 3725 profuturam
1195 3657 1279 3718 rati..
1293 3658 1353 3709 Sive
1371 3651 1432 3704 enin

360 3727 438 3848 pund
462 3724 639 3780 destinabant
666 3729 787 3788 animis,
811 3734 1040 3795 assequerentur,
1073 3741 1089 3776 a
1113 3733 1191 3780 tantu
1216 3727 1289 3779 malo
1314 3729 1432 3779 immunes

375 3811 438 3849 ore:
465 3797 523 3848 eise
548 3798 723 3860 exciderent,
755 3803 844 3850 morte
870 3797 1005 3850 luituros:
1023 3795 1109 3849 etita
1126 3813 1233 3850 rursum
1252 3813 1347 3865 anagnu
1363 3788 1432 3846 nasl⁰r

361 3883 398 3920 ne
425 3867 532 3920 reilieet
555 3869 610 3920 sivi
634 3869 834 3938 sepelirentur,
857 3867 999 3924 carituros.
1041 3865 1101 3918 1100
1125 3867 1171 3919 illi
1188 3867 1334 3920 eonsilium
1352 3860 1432 3983 ιτρήε·

361 3935 447 4000 bant,
467 3943 495 3990 et
521 3943 629 4008 tempus
652 3939 814 4009 captabant,
838 3953 895 4007 quo
921 3953 984 3989 eum
1000 3935 1092 3989 adorti
1110 3954 1167 3991 renr
1182 3939 1350 4008 perlicerent
1406 3944 1431 3977 ί·

361 4023 430 4078 gnua
447 4015 539 4062 auten
556 4007 613 4061 dux
630 4025 691 4062 eum
709 4010 776 4062 alias
795 4009 886 4078 magui
915 4007 1090 4060 Courtsntini
1118 4009 1251 4078 palatium
1270 4011 1431 4078 ingrestum,

362 4079 483 4132 sollicite
501 4076 555 4129 sibi
575 4089 693 4145 caveret,
713 4087 836 4148 (semper
853 4095 972 4150 namque
988 4085 1154 4130 armatarum
1172 4079 1323 4132 satellitum
1340 4080 1431 4128 estem

363 4164 428 4203 eum
445 4147 621 4221 sequebatur,
639 4158 668 4204 et
683 4149 792 4206 vinctos
808 4149 885 4218 prins
905 4149 937 4201 in
948 4149 1094 4220 ergastulis
1107 4148 1200 4202 elnudi
1216 4148 1339 4208 iubebas.
1355 4136 1432 4216 quoad

361 4217 476 4294 abiret‚)
494 4227 632 4292 tuncque
655 4219 729 4279 laetu
745 4219 865 4276 maxime
883 4235 950 4277 nans
966 4227 1041 4286 erat,
1063 4221 1271 4293 prselernsisit,
1287 4237 1305 4276 a
1318 4219 1392 4278 neo,
1406 4213 1432 4260 λ*
