3125 4900
493 286 776 357 flisnomtltma
806 294 862 355 ιιι.
881 299 935 363 ον.
1022 311 1027 326 ’
1167 256 1246 377 ‘137

167 442 254 531 οδτρῖ
281 442 386 525 δοκοίη
412 439 543 523 βέλτιον.
597 438 653 505 καί
672 432 786 524 ἤρχετο
807 438 827 503 δ
847 437 982 521 πόλεμος
1002 441 1179 525 ἀρχομένου
1195 436 1389 521 ’abactis

166 542 332 626 κτωβρίου.
379 538 569 617 Ἀπόκαυκος
588 541 625 603 δὲ
643 536 717 615 τούς
736 539 770 603 ἐν
792 538 872 629 λόγῳ
892 536 1031 619 μάλιστα
1049 536 1167 613 πάντας
1195 541 1271 607 ebe

166 640 229 715 δούς
258 641 317 703 ούκ
345 630 385 705 άν
415 633 649 722 άνασχομένους
678 638 734 703 ύπ’
763 641 883 705 ἐκείνου
904 630 1057 721 άγεσθοιι,
1084 634 1161 721 ἔγνω
1182 638 1250 703 δεῖν

164 736 219 803 τύν
240 739 341 821 δῆμον
360 736 516 824 ἐρεθίζειν
536 734 613 824 πρὸς
633 735 688 803 τὸν
703 736 858 820 sedissem,
871 736 910 801 ού
922 736 1019 818 μόνον
1032 732 1153 820 άλύγως
1168 733 1249 820 πρὸς

144 841 225 909 tues
256 837 362 904 άτιούν
391 837 565 924 φερόμενον
584 839 716 923 κέρδους
737 838 826 903 ἕνεκα
845 830 968 919 ὀλίγου,
987 830 1069 900 dett
1088 839 1145 900 καί
1158 834 1248 924 ῥηιδί-

166 960 209 1011 ως
229 932 470 1018 ύποκεισύμενον
489 944 555 1011 τοῖς
574 938 810 1022 προστάγμασιν
829 937 958 1001 ἐκείνου.
997 936 1055 999 καί
1065 936 1174 1021 προΐτω
1186 936 1248 1014 μὲν

165 1032 307 1120 άπύρους
325 1032 414 1110 τινάς
433 1032 490 1099 καί
508 1034 623 1111 λάλους
642 1037 843 1119 περιέστησεν
862 1028 979 1120 intrepi,
1001 1029 1136 1115 ἑτοίμως
1155 1028 1246 1115 ἔχον-

165 1158 221 1209 τος
247 1130 308 1196 sind
329 1130 441 1209 πενίας
460 1128 515 1197 καί
532 1134 595 1199 τάν
615 1128 806 1199 δεινοτάτων
826 1134 1035 1220 κατοτολμρῖν.
1075 1128 1183 1197 ἔπειτα
1203 1132 1245 1195 δι’
1349 1165 1352 1172 ,

165 1234 289 1299 ἐκείνων
309 1230 365 1298 τδν
385 1234 483 1317 δῆμον
503 1229 697 1319 συνταράξας
716 1230 772 1298 καί
792 1236 913 1317 πλῆθος
937 1225 1169 1316 ἐπαγαγόμενος
1187 1250 1247 1293 ποι

126 1328 216 1413 sold,
249 1329 329 1417 πρὸς
357 1329 416 1416 τὴν
446 1334 547 1399 οἰκίαν
574 1334 687 1421 α’φῖκτο
720 1330 777 1419 την
808 1331 946 1416 μεγάλου
979 1332 1162 1414 δομεστδιου
1190 1329 1247 1393 καί

165 1428 347 1514 διαρπάζειν
367 1432 490 1497 indicos
509 1430 550 1497 τά
573 1426 648 1498 ὄντα
668 1431 723 1496 καί
740 1428 799 1515 τήν
819 1421 920 1496 οἰκίαν
937 1430 1174 1517 καταστρέφειν.
1214 1422 1246 1491 oi

163 1530 199 1593 δὲ
219 1530 284 1595 τῶν
305 1534 600 1611 συνεσκευασμένων
619 1526 799 1607 συνειδότες
825 1532 925 1615 μηδὲν
946 1526 1002 1593 καί
1026 1526 1086 1613 τὴν
1103 1527 1243 1610 μεγάλου

150 1629 347 1723 Ιδομεστίκου
368 1626 504 1713 δύναμιν
523 1630 750 1715 κατεπτηχότες
769 1626 828 1711 ἔτι,
849 1630 948 1713 μέχρι
965 1630 1025 1709 μὲν
1043 1623 1144 1709 addit
1161 1647 1239 1710 προ·

160 1730 263 1810 ἦλθον
274 1777 284 1807 ,
316 1723 411 1791 ἔπειθ’
439 1730 590 1813 ἔστησαν,
622 1722 834 1815 άπορούμενοι
859 1725 941 1813 πρὸς
970 1721 1030 1807 δ,τι
1049 1722 1272 1811 redamate

122 1827 217 1908 ,5τῆς
237 1822 372 1908 μεγάλου
390 1828 574 1908 δομεστίκου
597 1830 633 1893 δὲ
650 1824 769 1913 μητρὸς
789 1820 912 1891 ἄνωθεν
930 1828 966 1891 ἐκ
983 1828 1046 1891 τάν
1064 1819 1241 1916 οἰκημάτων

158 1920 219 2009 τὴν
238 1916 345 2011 άφιξιν
364 1928 471 1991 adesis
490 1929 727 2011 πυνθανομένης
755 1920 834 2008 siffis
852 1923 912 2011 εἴη,
933 1924 1108 2012 σωφρόνως
1127 1925 1242 1986 ε’κεῖνοε

157 2025 215 2088 καί
232 2027 386 2109 συνετῶς,
408 2026 530 2109 οἷγνοεῖν
549 2030 608 2109 μὲν
626 2028 678 2113 ἐφ’
699 2021 727 2110 δ’,
741 2051 792 2107 τι,
812 2023 948 2113 ἔφασαν,
967 2028 1129 2109 κληθεῖεν·
1170 2019 1242 2087 νυνί

157 2124 194 2187 δὲ
213 2122 356 2207 γνόντες,
392 2124 590 2213 διαχωρεῖν,
618 2124 664 2210 μὴ
686 2128 838 2203 τοιούτοις
857 2126 1028 2211 ἐπιχειρεῖν
1053 2124 1240 2205 τολμῶντες.

157 2220 187 2286 οἱ
205 2226 265 2304 μὲν
293 2214 367 2305 σύν,
398 2228 455 2309 τῆς
473 2228 612 2309 μεγάλου
633 2223 818 2309 δομεοτίκου
837 2222 960 2310 μητρός
977 2220 1111 2310 χάριτας
1131 2224 1240 2296 αύτοῖς

113 2318 370 2409 σοδμολογούσης
398 2323 453 2411 τῆς
482 2327 529 2402 εἰς
561 2322 662 2410 adesis
683 2326 811 2409 αἰδοῦς,
843 2326 965 2390 ἐκεῖθεν
984 2319 1164 2408 οἷνεχούροον
1185 2318 1241 2386 καί

154 2419 313 2486 διελύοντο
346 2427 413 2488 κατ’
453 2419 567 2500 οἴκους.
619 2424 818 2511 πατριάρχης
851 2424 888 2489 δὲ
913 2421 969 2488 καί
998 2422 1237 2506 ἧσυνωμοσία,

154 2518 224 2585 ἐπεί
252 2519 298 2606 μὴ
331 2522 410 2587 κατά
442 2527 517 2589 νούν
545 2525 653 2600 αύτοῖς
680 2523 701 2607 ἤ
732 2525 790 2588 τοῦ
810 2520 912 2609 δήμου
931 2523 1053 2606 κίνησις
1070 2520 1236 2599 ε’τελεύτα,

153 2617 233 2705 πρὸς
258 2617 333 2698 τούς
363 2622 546 2706 ἐπιτηδείοις
575 2621 707 2708 ἔχοντας
734 2618 906 2712 ἐτράποντο
933 2622 977 2709 τῷ
995 2619 1121 2707 μεγάλῳ
1141 2621 1236 2700 δομο-

217 2806 238 2842 ι.
257 2784 347 2862 δγδύη
365 2789 401 2844 tl.
419 2803 471 2860 inp
490 2805 540 2862 pro
558 2788 732 2863 δρχσμίνοο.

151 2936 218 2993 Idus
234 2937 364 2993 Octobres
385 2949 511 3010 coeptum
534 2947 584 2996 est.
627 2942 727 2996 Vemm
746 2959 808 2996 enm
827 2942 1004 3014 Apocsucbus
1023 2944 1140 2996 maxime
1160 2944 1232 2996 cives

149 3007 295 3078 primarios
321 3027 414 3064 omncs
439 3011 550 3064 ductum
577 3027 656 3064 suum
683 3022 854 3067 recusaturos
872 3014 969 3077 sciret,
993 3015 1089 3084 vulgus
1106 3013 1142 3064 ed
1158 3029 1232 3064 arma

152 3080 344 3132 concitandum
375 3083 496 3134 censuit:
517 3082 591 3154 quod
611 3092 639 3135 et
668 3091 770 3136 temere
788 3083 863 3152 parvi
881 3084 1037 3204 compendii
1054 3085 1141 3153 gratis
1162 3101 1232 3152 qno·

148 3149 190 3200 ris
216 3151 356 3218 rapiatur,
382 3159 410 3204 et
439 3154 518 3205 facile
543 3154 625 3206 ctiam
645 3156 726 3207 iussis
752 3157 858 3206 τίσετε
884 3154 935 3206 snb
956 3163 1021 3206 eret.
1057 3154 1230 3222 deprimunt

149 3219 262 3289 quidem
284 3221 414 3290 quosdam
433 3232 545 3292 egentes
567 3233 596 3277 et
614 3225 705 3295 lingua
726 3224 844 3276 ninnium
861 3232 1001 3293 promptos
1015 3240 1065 3291 pro
1090 3224 1232 3290 stipatori-

148 3286 199 3340 bus
224 3289 280 3340 sibi
306 3291 423 3358 delegit,
452 3303 560 3362 paratos
578 3294 613 3345 ad
633 3293 825 3346 consolandam
843 3295 1046 3346 mendicitatem
1065 3307 1142 3344 susm
1157 3292 1230 3344 nihil

146 3377 202 3411 non
223 3361 344 3424 audere,
370 3366 544 3433 quantumvis
571 3365 715 3417 scelestum
739 3381 770 3415 sc
798 3364 941 3415 nefarium.
982 3362 1090 3415 Deinde
1115 3380 1164 3431 per
1183 3380 1229 3416 eos

145 3429 230 3498 plebe
248 3431 408 3497 conterrita,
429 3448 489 3484 cum
508 3451 603 3502 magna
628 3435 807 3488 multitudine
825 3433 859 3486 ad
879 3433 960 3486 sedes
976 3435 1066 3501 σωροί
1086 3432 1229 3486 domestici

144 3500 337 3568 progreditur,
355 3503 503 3567 mandans,
522 3507 563 3558 uti
584 3521 628 3555 eas
646 3505 778 3573 diripiant
796 3520 828 3554 nc
844 3503 1008 3556 disturbent.
1053 3503 1108 3572 Qui
1126 3504 1231 3557 sutela-

145 3585 204 3620 rnm
224 3577 253 3620 ct
268 3570 501 3626 machinationum
519 3574 593 3627 inter
610 3578 777 3644 conspirator
795 3575 880 3626 nescii
900 3581 929 3627 et
955 3577 1105 3628 etiamnum
1135 3575 1230 3627 dome·

144 3637 204 3691 stiei
230 3643 384 3709 potentiam
413 3645 609 3709 formidantes,
630 3647 700 3699 atrio
721 3653 803 3697 tenus
825 3656 1022 3712 processerunt
1072 3646 1096 3696 T
1099 3665 1142 3698 om
1162 3661 1228 3696 con-

143 3711 295 3772 stiterunt,
313 3711 472 3777 haerentes,
496 3731 551 3784 quo
581 3732 610 3767 se
638 3723 783 3768 verterent.
819 3715 907 3768 Matre
925 3718 1012 3782 magni
1029 3716 1173 3770 domestici
1192 3715 1227 3768 de

143 3781 292 3834 caenaculo
308 3783 475 3847 sciscitante,
495 3785 562 3856 quid
582 3783 715 3840 adrentus
735 3801 829 3838 eornm
848 3786 902 3836 sibi
925 3788 1017 3838 vellet:
1035 3789 1078 3838 illi
1102 3787 1226 3839 modeste

143 3865 174 3900 se
198 3850 365 3919 prudenter,
394 3871 422 3906 se
448 3855 583 3918 nescisse,
608 3873 687 3924 quam
715 3856 749 3908 ad
773 3871 829 3907 rem
853 3856 939 3909 vocati
959 3865 1064 3923 essent;
1088 3875 1161 3909 nunc
1178 3872 1227 3906 co-

141 3921 265 3986 gnovisse
289 3930 318 3974 ct
340 3924 483 3988 recedere,
506 3923 582 3996 quod
607 3927 662 3978 tale
682 3926 787 3978 facinus
804 3941 899 3978 eorum
915 3927 1029 3978 audacia
1055 3927 1224 3980 reformidet.

142 3987 203 4056 Qua
221 3993 323 4056 gratias
342 3993 378 4044 ob
397 3997 438 4046 sui
458 3995 637 4048 reverentiam
659 4006 769 4064 agento,
791 3995 900 4047 domum
921 3998 1037 4068 quisque
1057 4015 1132 4049 susm
1159 3998 1225 4047 abs»

141 4069 288 4112 cesserunt.
338 4064 491 4115 Patr-iareim
519 4074 546 4116 et
573 4067 723 4128 coniurati,
750 4069 813 4136 quia
839 4069 999 4136 plebeculae
1027 4077 1114 4120 motus
1142 4067 1223 4117 alitor

140 4129 262 4194 exierat,
284 4149 364 4200 qnam
382 4135 527 4198 volebant,
547 4135 580 4186 nd
599 4137 687 4204 magni
709 4135 852 4190 domestici
880 4137 1016 4192 studiosos
1042 4155 1073 4188 oc
1099 4153 1223 4189 necessa·

137 4201 192 4254 rios
209 4217 239 4254 sc
259 4207 466 4258 converterunt:
487 4214 513 4256 ct
533 4207 663 4276 quosdam
683 4207 778 4261 codem
799 4207 844 4264 die
863 4208 1090 4278 comprehensos,
1115 4209 1146 4258 in
1175 4222 1223 4258 co·
