3125 4900
633 173 823 239 tremus.
1249 137 1275 264 7

179 325 282 382 multas
299 327 330 383 ti
355 325 533 396 condiclones
582 330 715 383 asscribit
732 341 759 384 et
776 347 796 385 a
812 345 842 383 es
859 307 992 402 affectati
1009 329 1120 402 imperii
1141 331 1278 404 suspicio-

181 417 242 453 nees
253 412 381 453 removet
398 401 466 470 (53).
500 400 537 456 Dt
576 399 724 455 moticlsum
739 411 858 454 uocatus
880 415 1029 456 venturum
1040 404 1186 472 promittit.
1217 405 1278 470 Quo

180 487 262 542 scopo
280 467 465 540 Apocauclsus
488 483 516 525 et
538 419 635 524 ebesa
658 473 810 526 convenire
828 471 982 525 valuerint.
1017 473 1099 527 lilius
1117 475 1149 526 in
1168 473 1275 532 &anta-

180 541 328 594 eusenicos
356 539 517 594 crudelitas.
557 544 651 610 Quare
681 541 847 612 imperatris
864 540 1110 612 strotopedarcbae
1128 545 1277 596 consilium

180 611 318 682 respuerit
338 610 405 680 (54).
440 608 485 664 Ad
495 611 633 665 Pheraeos
644 610 677 664 de
692 609 834 665 deditione
849 612 1043 665 Cantacuaeno
1052 613 1194 686 facienda
1208 615 1277 666 l'ro·

179 679 219 732 lis
238 679 406 734 cohortatio.
443 681 604 752 Praefiacte
622 681 748 734 abnuunt
765 679 939 752 eiusdemque
954 683 1145 738 Cantas-uacui
1154 683 1275 755 legatum

180 752 318 804 atrociter
330 761 465 808 tractant.
499 749 641 805 Militibus
660 749 883 818 Didymoticbum
901 751 1098 807 anhelantibus
1115 754 1276 825 obsequitur

179 821 344 892 imperator.
381 823 483 892 Agrum
501 821 690 876 Pheraeorum
701 820 797 876 Crales
809 821 1005 892 depopulatur.
1045 824 1168 876 lriballi
1190 825 1276 876 austi-

179 890 267 946 liares
285 891 316 941 in
335 889 485 944 Thraciam
504 903 648 963 sequentes
673 891 771 964 quales
795 891 915 961 suerint.
951 893 1007 944 Pro
1025 892 1138 947 meliori
1160 897 1273 957 auxilio

180 963 286 1013 reuerti
304 963 443 1015 volentem
468 961 664 1034 imperatorem
689 959 729 1012 ad
747 964 855 1014 cratem
888 961 989 1014 milites
1007 977 1109 1033 cogant
1139 963 1273 1032 Didymo·

181 1029 284 1083 ticbum
294 1028 407 1086 eamn.
445 1031 529 1084 Circa
546 1033 657 1086 litteras
670 1029 866 1101 Didpmoticbo
886 1027 928 1082 ad
942 1049 1002 1085 eum
1019 1034 1191 1103 perscriptas
1205 1053 1273 1106 pro·

179 1097 292 1170 digium.
327 1099 372 1154 Ad
390 1101 529 1158 Triballos
546 1099 660 1156 reditus.
694 1101 887 1154 Protomator
902 1104 1161 1174 praeuaricationis
1178 1122 1273 1176 suspe-

180 1183 240 1223 ctus
253 1187 282 1222 se
289 1183 401 1242 purgat.
438 1173 659 1240 Byzantinorum
669 1171 709 1228 ad
718 1173 905 1226 reversionem
931 1172 1092 1242 Apocoucbi
1102 1175 1270 1246 gratulatio.

179 1240 221 1294 De
240 1239 436 1296 Centacuaeno
461 1241 581 1296 menelae
603 1259 707 1298 suasor.
741 1241 924 1314 Apocaucbus
942 1240 1074 1312 quosdam
1093 1242 1212 1312 includit
1237 1242 1270 1296 in

179 1307 333 1364 custodiam
355 1311 421 1383 (55).
457 1313 552 1367 irenes
576 1313 765 1382 imperatricis
790 1312 893 1370 oratio.
934 1309 978 1366 Ad
996 1314 1152 1366 Moesorum
1179 1331 1270 1386 regem

178 1377 212 1432 de
231 1382 362 1434 societate
379 1382 484 1452 legatio
502 1394 530 1436 et
546 1383 606 1435 eius
615 1379 784 1456 ludificatio.
821 1384 960 1450 Quantam
978 1381 1002 1434 is
1016 1381 1200 1436 calliditatem
1215 1382 1268 1436 ad-

176 1448 299 1504 lsibuerit
316 1452 348 1506 in
368 1453 456 1522 copiis
479 1448 700 1520 Didymoticlsum
717 1452 813 1506 missis.
848 1453 1005 1505 Moesorum
1021 1451 1119 1505 ducum
1132 1455 1269 1509 versutia.

176 1519 310 1590 Episcopi
335 1521 491 1576 cohortatio
517 1534 545 1574 et
559 1519 783 1605 praedictiones.
825 1521 926 1576 Persas
951 1518 1134 1575 advenientes
1157 1525 1268 1576 Moesos

172 1589 287 1660 sugant.
324 1591 431 1644 Amuris
459 1603 577 1660 satrapa
603 1605 635 1643 ut
651 1604 781 1663 exceptus
801 1593 837 1644 ab
862 1593 1038 1659 imperatrice
1056 1595 1156 1654 Irene,
1175 1595 1269 1646 illius-

176 1676 232 1729 que
247 1661 280 1711 in
292 1660 484 1730 Imperatorem
500 1659 619 1714 eximius
638 1679 733 1725 amor,
753 1659 794 1714 ad
805 1679 884 1732 quem
895 1662 1159 1732 proficiscs'turssb‘p
1196 1664 1268 1717 Pise-

176 1745 307 1782 raeorusss
336 1731 367 1782 in
384 1731 577 1785 commentitiis
593 1733 716 1796 litteris,
747 1731 849 1804 quibus
866 1728 1008 1798 decipitur
1024 1733 1153 1783 Amurs'us
1173 1745 1199 1785 et
1217 1731 1268 1784 do·

175 1815 248 1850 muas
272 1795 364 1864 redit,
386 1802 532 1872 pessimum
555 1799 679 1868 focinus.
720 1799 838 1870 Frigore
862 1803 954 1854 enecti
977 1801 1077 1854 Persae
1101 1819 1158 1853 una
1185 1815 1266 1858 nocte

171 1868 329 1942 quingenti.
366 1869 622 1938 Didymoticlsestses
629 1867 813 1940 praedatores
830 1870 927 1940 algore
941 1872 1112 1923 semimortui
1126 1868 1168 1921 ad
1177 1870 1269 1925 bostee

171 1939 339 2008 eorfiegiunt
355 1952 383 1993 et
403 1939 540 2012 quomodo
564 1941 599 1995 ab
617 1941 653 1993 iis
669 1939 769 1994 babiti.
806 1938 914 2009 Oppida
932 1941 1013 1993 Irene
1031 1941 1204 2009 imperatrici
1214 1940 1265 1995 de·

171 2007 237 2061 ders
262 2027 292 2061 se
322 2009 451 2065 uolentia
479 2029 531 2065 cur
554 2029 614 2065 non
647 2024 769 2079 recepta.
818 2011 893 2064 Mire
926 2011 1042 2061 anxium
1070 2012 1266 2080 Imperatorem

170 2079 296 2148 Ambenus
303 2118 314 2143 ,
332 2078 413 2134 bomo
431 2082 577 2144 obscurus,
605 2081 723 2136 consilio
749 2080 830 2135 leuat
863 2077 897 2132 de
922 2079 1065 2134 Berrboea
1092 2079 1265 2147 occupanda.

171 2147 270 2202 (rata
287 2167 367 2218 opem
382 2153 532 2222 promittit.
565 2151 619 2206 Per
638 2152 744 2220 legatos
766 2149 921 2204 accersitur
934 2151 1104 2221 imperator,
1129 2152 1176 2203 cui
1195 2151 1264 2204 Cra·

168 2218 254 2272 laena
273 2236 339 2274 suos
356 2221 457 2290 milites
476 2223 628 2276 Germanos
645 2222 774 2274 attribuit
790 2219 857 2288 (57).
892 2222 917 2273 A
936 2219 1111 2277 Berrlsoeotis
1146 2219 1264 2276 lauden·

169 2287 243 2341 tibus
255 2291 416 2361 excipitur:
434 2309 452 2342 a
467 2291 666 2346 lbessalonica
685 2289 838 2344 obtinenda
855 2307 907 2358 per
920 2288 1026 2358 plebem
1043 2301 1070 2342 et
1082 2239 1197 2343 Zebotas
1208 2293 1261 2342 im·

167 2354 287 2429 peditur.
324 2359 417 2413 Graiis
452 2359 563 2432 erfidia.
600 2363 798 2415 Germanorum
816 2361 848 2410 in
861 2359 1031 2430 Imperatore
1046 2357 1148 2413 tuendo
1162 2357 1261 2433 fideli-

170 2441 223 2483 tas.
258 2430 301 2484 Da
324 2433 397 2485 Asia
436 2434 528 2486 umine
555 2430 736 2486 transeundo.
777 2432 901 2485 Duorum
914 2429 1047 2502 filiorum
1070 2429 1263 2485 Cantacuseni

170 2503 323 2553 encomium
345 2502 412 2573 (58).
446 2505 572 2573 Agrestis
597 2502 711 2573 quidam
731 2501 920 2556 Triballorum
938 2498 1059 2551 insidias
1076 2497 1163 2552 eidem
1181 2499 1259 2553 indi·

170 2581 218 2622 eat
225 2582 253 2624 et
263 2569 302 2622 ad
305 2572 411 2639 liumus
424 2570 500 2625 vado
511 2572 709 2625 transeundum
718 2572 822 2642 praeit.
860 2571 994 2623 Germani
1002 2568 1157 2623 Berrboeae
1169 2567 1259 2624 dona-

170 2641 256 2692 tivum
280 2642 433 2711 accipiunt.
469 2640 655 2695 insidiatores
673 2638 712 2693 od
730 2640 838 2693 Cralem
856 2639 1040 2709 deseruntur:
1064 2656 1182 2711 quorum
1206 2639 1258 2694 du-

169 2726 213 2763 ces
229 2710 399 2781 imperatori
418 2708 459 2763 ad
475 2730 592 2784 poenam
613 2710 772 2771 deduntur,
790 2710 890 2783 quibus
911 2711 1041 2779 ignoscit.
1076 2710 1258 2778 Apocauclsus

169 2778 277 2833 Cralem
297 2794 397 2834 contra
414 2780 609 2853 Imperatorem
626 2780 770 2835 incendit:
788 2782 916 2833 simulate
937 2781 1014 2848 agit:
1038 2779 1085 2831 cui
1101 2778 1258 2850 imperator

167 2848 470 2921 uberiusreepondens,
487 2852 660 2907 siusscelera
674 2852 785 2921 carpit,
801 2851 954 2919 periculum
964 2848 1151 2911 demonstrat,
1171 2852 1255 2920 igna-

167 2922 246 2970 viasss
275 2918 384 2973 deridet
423 2922 478 2991 59).
519 2920 702 2991 Apocauclsus
726 2922 873 2973 consilium
892 2920 1012 2992 quaerit.
1055 2919 1256 2973 Monomaeltus

168 2988 361 3043 caniacumnt'
382 2990 547 3060 filcitatem
570 2989 737 3061 praedicat,
765 2992 890 3043 timorem
908 2990 1021 3051 iniicit,
1065 3006 1139 3042 aeem
1156 2990 1255 3041 suadet

165 3059 231 3127 (6⁰).
260 3059 356 3113 Crales
365 3061 400 3111 ab
414 3060 580 3131 Apocauclso
593 3062 759 3143 t'nstipatus,
779 3060 1003 3113 Cantacuzenum
1014 3007 1252 3111 adcensultotio-

167 3146 225 3181 nem
236 3127 332 3183 dolose
343 3131 459 3193 inuitat,
476 3152 494 3185 a
503 3150 559 3203 epuo
569 3128 720 3186 deludetur.
737 3128 813 3185 idem
823 3128 1010 3184 Berrboeotas
1023 3126 1064 3179 ad
1072 3126 1253 3194 desectionem

165 3200 341 3257 sollicitans.
368 3201 560 3254 acerbissimos
577 3202 686 3255 litteras
706 3200 816 3272 accipit·
855 3201 1010 3269 hperator
1033 3198 1118 3249 etiam
1140 3200 1252 3250 tertium

163 3269 860 3409 t..'.2.³‘'l.f‘.1555.·.i“<‘l‘'.“⁰2tibulli?
883 3266 1252 3391 ''llll“ttzlibt‘tli'

162 3406 299 3462 momaclst'.
334 3410 434 3465 Denuo
452 3362 564 3483 uffitbm
576 3410 695 3465 eiusdem
708 3409 866 3464 consitium.
898 3408 1048 3463 Persarum
1062 3407 1103 3460 ad
1114 3408 1250 3462 Berrboe-

162 3494 206 3530 aas
227 3480 391 3535 latrocinia·
435 3480 615 3553 Apocauclsus
633 3484 663 3534 in
682 3480 897 3551 l'epagomenum
914 3478 1006 3531 saeuit
1023 3478 1087 3546 (ba).
1131 3480 1155 3528 A
1174 3478 1249 3529 Can-

161 3560 296 3602 tacuseno
325 3567 360 3603 ea
384 3553 452 3605 Asia
475 3566 614 3608 evocatur
638 3552 776 3609 Amurius.
824 3550 903 3603 Ficto
929 3548 1028 3601 nuntio
1056 3550 1248 3601 contristatur.

159 3616 292 3673 Eiusdem
313 3618 433 3693 insignis
449 3625 559 3683 oratio,
581 3638 637 3695 qua
658 3638 744 3675 causa
761 3615 965 3691 expeditionis,
988 3614 1108 3672 studium
1126 3614 1249 3671 iuvandi

161 3690 364 3753 Cantacutessi‚
383 3710 464 3745 amor
477 3704 505 3745 et
520 3689 683 3745 sollicitudo
693 3703 809 3761 propter
821 3706 882 3742 essm
894 3687 1076 3742 declaratur:
1093 3690 1194 3741 milites
1209 3685 1248 3739 ad

159 3758 281 3811 laborem
300 3758 533 3827 inflammentur:
553 3762 657 3816 exsistis
672 3762 795 3812 navibus
804 3776 857 3829 per
869 3758 1052 3813 continentem
1060 3754 1245 3829 gradiendum

158 3830 301 3883 suadetur.
342 3830 428 3883 Vento
446 3828 567 3886 secundo
585 3832 683 3885 classis
699 3843 757 3883 tote
777 3832 808 3880 in
822 3826 1019 3881 Macedoniam
1036 3826 1069 3879 de
1083 3840 1162 3882 crtus·
1176 3826 1245 3894 (63).

159 3898 259 3952 Persae
284 3898 553 3956 ssessatontcenssm
577 3918 675 3971 agrum
698 3912 821 3953 vastant.
863 3898 1032 3951 Provinciae
1083 3899 1245 3968 aliseavee

158 3968 330 4035 imperator.-
349 3986 410 4023 cum
427 3974 515 4042 copiis
526 3969 747 4027 Tbessalonicasn
758 3965 876 4025 accedit.
903 3968 1012 4020 Amarii
1021 3984 1159 4020 occursus.
1191 3967 1245 4017 Ze·

158 4038 277 4091 lotae-am
297 4039 328 4089 in
350 4038 587 4096 Cantacueeniccs
606 4037 765 4095 cmdetteas.
803 4038 973 4093 l’ss‘ielse'orii
988 4034 1104 4090 obsidio.
1140 4040 1176 4087 ln
1193 4054 1242 4089 ca-

156 4110 264 4178 ptionem
285 4108 464 4179 desperatoris
481 4108 649 4166 bumanitas.
684 4110 784 4183 legati
807 4107 948 4164 ambonem
977 4104 1024 4161 ad¹
1042 4104 1244 4178 imperatricem
