3125 4900
289 171 316 256 8
740 159 948 281 mtocnh'

288 357 396 410 Annam
415 351 449 408 de
466 369 535 423 pact
551 350 615 436 (64),
657 349 851 404 Cantacuzeni
866 352 975 419 legatus
988 348 1076 420 finde
1101 348 1306 421 ciesdelitcrque
1323 366 1374 404 ac-

290 426 404 496 cipitur.
441 423 599 494 Apocuuchs
620 419 778 474 maledicta.
813 423 940 474 Amarius
952 438 1039 490 quare
1051 423 1162 472 litteras
1177 419 1232 474 sibi
1249 417 1375 474 seddim

290 495 331 548 ad
348 497 539 567 Imperatorem
557 489 695 544 detulerit.
730 491 863 560 Episcopi
871 490 1121 556 Didymotichcnsis
1130 487 1297 561 praedictio.
1322 489 1376 540 Ca-

290 563 373 618 stella
392 565 518 632 Meropas
536 575 561 613 et
579 561 710 626 pecuarii
717 578 745 612 se
761 558 866 613 dedunt
872 580 883 628 ,·
900 561 1000 630 quibus
1009 561 1179 614 Mamittilus
1190 559 1374 631 praeficitur.-

290 637 369 690 cuius
388 651 476 684 mores
494 630 688 684 deseribuntur
704 630 769 700 (65).
806 629 1029 695 Didymotichum
1049 629 1089 681 ad
1102 631 1297 700 Imperatorem
1315 647 1376 682 cusu

291 703 405 760 Amurio
432 702 520 758 venit.
563 700 702 754 Thraciae
728 701 808 754 urbes
836 699 1022 765 refractariat
1047 702 1217 781 puniuntur.
1261 700 1377 754 Morbus

290 773 407 829 Amarii.
443 769 616 825 Praesidium
637 773 743 822 missum
763 768 986 840 Adrianopolin.
1007 772 1138 842 illiusque
1155 768 1377 838 Didymotiahum

293 847 322 897 in
338 845 394 897 elix
416 842 551 897 excursio.
593 842 720 893 Amurius
737 854 848 892 martem
862 842 893 892 ia
911 840 1044 909 conflictu
1069 838 1174 894 evadit
1216 837 1377 892 Alexandro

292 917 448 970 Moesorum
466 914 536 980 regi,
557 927 609 980 pro
628 911 736 963 attailio
755 909 1079 964 dantururbesnovem:
1097 911 1157 962 eius
1168 908 1378 980 tergiversatio.

296 988 356 1053 Qua
375 987 485 1036 ratione
504 983 647 1033 coniurati
666 981 797 1034 Persase
819 979 940 1033 Thracia
965 978 1081 1034 educere
1098 981 1194 1033 costati
1215 980 1282 1031 sint.
1319 980 1378 1032 Eos

295 1060 432 1107 incassum
451 1053 553 1102 nititur
571 1052 688 1102 retinere
708 1051 853 1102 Asturius:
876 1048 910 1102 de
928 1068 983 1133 quo
1003 1048 1081 1121 apud
1096 1052 1292 1119 Imperatorem
1310 1067 1379 1102 con-

295 1125 441 1194 queritur,
469 1118 640 1190 reditumque
668 1136 702 1171 ea
728 1121 795 1172 Asia
821 1137 881 1173 cum
904 1121 1040 1172 militibus
1057 1121 1215 1172 melioribus
1229 1119 1381 1188 pollicetur

293 1197 360 1262 (66).
399 1194 470 1245 Eum
487 1190 617 1242 hortatur
641 1189 813 1259 Imperator,
840 1190 1007 1258 legationem
1018 1190 1184 1260 Byzantium
1194 1189 1300 1250 mittat,
1323 1205 1380 1260 quo

295 1281 380 1316 naues
398 1275 424 1312 et
440 1263 587 1330 pecuniam
606 1256 645 1310 ad
665 1255 784 1310 reditum
802 1256 983 1327 adipiscatur.
1020 1261 1164 1330 Principes
1183 1259 1382 1312 Constantino·

292 1336 355 1403 pali
371 1331 510 1386 Amurium
530 1325 563 1380 de
581 1329 736 1380 abiectione
756 1327 976 1399 reprehendunt,
994 1347 1082 1382 naves
1098 1348 1158 1382 cum
1176 1330 1297 1400 pecunia
1313 1345 1382 1397 pro·

209 1398 211 1410 '
294 1405 415 1456 mittunt.
451 1398 583 1470 Defendit
601 1416 636 1453 sa.
676 1397 764 1450 Locus
785 1396 818 1450 de
839 1397 1007 1452 discrimine
1025 1398 1170 1453 servitutis
1185 1402 1255 1469 (67)-
1291 1400 1384 1465 Impe-

293 1485 374 1525 rator
399 1469 538 1522 divinitus
562 1485 579 1518 a
600 1469 689 1520 Parsis
710 1466 899 1536 praedonibus
923 1470 1068 1525 liberatur.
1111 1471 1181 1524 Eius
1201 1486 1295 1540 pugna
1321 1484 1384 1520 cum

294 1539 479 1594 obsessoribus
498 1540 621 1590 Aromati
644 1551 670 1588 et
697 1537 832 1590 victoria.
879 1541 1022 1592 Discessus
1045 1541 1170 1592 Amurit:
1198 1551 1225 1591 et
1250 1537 1384 1610 quartis

295 1610 430 1664 discessus
450 1607 616 1676 imperatori
626 1605 850 1664 comnsodaverit.
887 1611 1098 1678 Gratianopolis
1114 1606 1229 1661 obsidio·
1265 1607 1386 1674 Smprna

296 1699 314 1732 a
336 1679 450 1732 Latinis
470 1690 551 1746 capta
571 1678 628 1745 (68)
672 1678 711 1728 Ab
732 1680 791 1730 cius
807 1678 948 1750 praejecto
968 1679 1110 1748 Angelitze
1130 1698 1187 1730 nort
1206 1675 1315 1730 modica
1336 1693 1387 1745 pc·

297 1753 392 1804 cunia.
429 1747 562 1820 Episcopi
590 1745 839 1812 Didymotichensis
862 1749 961 1800 obitus.
992 1746 1152 1802 AEerandri
1169 1767 1186 1800 a
1204 1746 1322 1800 Mors-ha
1339 1764 1387 1798 re-

297 1837 385 1875 cessus
402 1819 469 1888 (60).
505 1817 675 1868 Mamitzilus
701 1817 830 1870 Persicas
847 1834 935 1870 naves
954 1831 1011 1870 tres
1028 1815 1162 1870 incendit.
1200 1817 1312 1874 Persae,
1335 1815 1388 1896 qui

296 1889 375 1959 apud
394 1891 631 1942 contaminatum,
662 1883 787 1937 custodes
816 1903 929 1937 suarum
956 1889 1072 1939 navium
1091 1885 1253 1956 interfectas
1286 1885 1389 1936 ulcisci

298 1957 409 2014 ardent.
445 1955 495 2006 Eis
514 1956 666 2022 Imperator
678 1955 814 2006 Romanos
827 1953 974 2025 adiungit3
992 1959 1054 2008 eius
1067 1957 1258 2024 regiunculam
1273 1955 1390 2024 deprae-

297 2027 365 2079 dari
385 2025 466 2076 iubet.
503 2023 673 2076 Momitat'lus
691 2026 844 2093 improuiso
865 2022 988 2078 adventu
1008 2027 1201 2094 Imperatorem
1217 2038 1318 2078 terret:
1337 2040 1390 2074 cu·

298 2099 342 2149 ius
356 2097 458 2146 milites
467 2091 605 2164 fugiunt.-
624 2095 679 2162 ipse
699 2111 758 2144 cum
778 2094 878 2162 paucis
894 2107 1004 2146 strenue
1024 2114 1051 2149 se
1069 2108 1172 2148 tuetur.
1205 2091 1390 2147 Lantzarethi

289 2166 399 2238 samuli
416 2166 447 2215 in
471 2160 608 2215 dominum
635 2165 721 2214 mirus
739 2180 820 2214 amor
836 2175 863 2216 et
879 2161 966 2234 fidet.
1002 2166 1172 2219 hlomitailus
1192 2165 1226 2216 ab
1237 2172 1319 2218 Aana
1338 2164 1391 2214 im-

297 2235 439 2309 peratrice
452 2229 565 2301 despota
584 2233 781 2298 renuntiatur‚·
802 2251 881 2302 quem
896 2233 1107 2288 Cantacutenus
1123 2233 1310 2304 insuperdota
1323 2250 1391 2301 sup·

298 2307 368 2376 plici
393 2303 480 2356 venia
505 2303 755 2354 Sebastocratorem
780 2315 863 2355 creat
901 2303 1000 2355 Persae
1019 2305 1050 2355 in
1067 2305 1161 2355 Asiam
1179 2303 1294 2358 redeunt
1323 2301 1391 2370 (7ο).

299 2374 486 2441 Palaeologus
499 2371 650 2442 Imperator
667 2385 807 2440 aegrotat.
843 2374 964 2435 Moesus,
983 2387 1066 2442 rupto
1073 2373 1203 2443 findere,
1224 2371 1390 2442 Apocaueho

299 2445 387 2498 mittit
411 2443 530 2499 auxilia.
568 2438 707 2493 Callidum
728 2443 908 2513 Imperatoris
926 2445 1083 2497 consiliunt.
1122 2447 1213 2499 Gener
1229 2440 1393 2514 Apocauchi

301 2516 332 2567 in
352 2514 441 2565 Hebro
457 2530 626 2565 summersus.
650 2511 849 2579 Didymoticho
864 2507 1027 2581 repellitur:
1048 2514 1191 2567 Morrham
1205 2514 1392 2568 uastat..hlo-

300 2585 422 2636 mitellas
440 2582 494 2655 sibi
508 2584 696 2653 principatum
712 2586 855 2653 proprium
874 2580 1030 2644 meditans,
1049 2605 1067 2636 a
1082 2586 1276 2639 Cantaeuaeno
1297 2596 1324 2636 tt
1340 2583 1392 2635 im-

298 2656 439 2725 peratrice
457 2656 539 2704 Anna
558 2652 652 2723 deficit
672 2654 742 2721 (71)
779 2652 932 2706 Archontes
959 2655 1020 2705 sive
1039 2656 1151 2724 imperii
1167 2673 1219 2724 pra
1236 2671 1322 2724 puero
1337 2653 1394 2706 Im·

299 2737 427 2794 peratore
451 2735 478 2774 et
499 2720 583 2773 vidua
605 2720 847 2775 administratores
873 2726 998 2775 miserum
1017 2724 1204 2796 reipublicae
1223 2736 1324 2775 statum
1342 2720 1394 2773 do·

302 2794 379 2845 lent:
409 2793 582 2863 imperatrici
604 2808 698 2860 pacem
716 2793 843 2845 suadeat.
878 2793 993 2846 Moleste
1002 2793 1067 2865 sert
1086 2792 1281 2863 Apocauchus,
1298 2794 1393 2862 patri-

302 2862 471 2931 archamque
490 2874 517 2913 et
530 2861 674 2923 Gabalum,
692 2879 819 2931 magnum
833 2862 1010 2932 logothetam,
1025 2882 1053 2915 se
1072 2868 1193 2918 visentes
1202 2860 1241 2915 ad
1249 2881 1313 2914 suas
1322 2880 1394 2929 par-

303 2944 343 2983 tes
361 2928 487 2983 reducit:
509 2932 709 3001 imperatricem
734 2934 873 3003 castigat:
900 2932 1024 2985 Gabalae
1046 2934 1137 3002 filiam
1155 2930 1305 3002 despondet
1326 2930 1396 3001 (7²)-

303 3000 484 3071 Apocauchus
513 3000 547 3053 de
574 3004 684 3071 integro
707 3000 930 3055 Cantacusenum
948 3004 979 3054 in
996 3004 1197 3072 imperatricem
1216 3004 1342 3067 irritati„
1359 3018 1396 3054 ac
1427 3034 1434 3045 ·

304 3086 433 3131 rursum,
455 3086 622 3141 quamquam
639 3070 795 3136 submissus,
812 3070 979 3124 dominatur.
1015 3072 1175 3141 legationis
1195 3069 1235 3124 ad
1250 3088 1309 3125 tum
1329 3072 1397 3122 mit·

306 3138 407 3193 tendat
425 3152 525 3192 auctor
542 3154 589 3191 est.
626 3140 781 3193 Mittuntur
797 3142 880 3198 stmttl
896 3142 980 3195 binae
997 3143 1149 3211 epistolae,
1168 3143 1269 3212 quibus
1284 3141 1397 3212 signifi·

307 3222 390 3263 catur
404 3206 537 3277 gaudium
556 3207 590 3263 tle
609 3211 668 3263 eius
688 3212 836 3264 voluntate
855 3214 967 3278 imperii
983 3209 1158 3279 deponendi:
1186 3224 1216 3263 ut
1226 3211 1308 3281 filso
1326 3229 1397 3263 uar-

307 3290 423 3333 raverat
443 3280 630 3349 Apocauchue.
669 3278 799 3333 Conditio
816 3283 845 3334 ei
861 3282 1037 3351 proponitur,
1065 3301 1121 3351 aua
1139 3284 1239 3334 veniat
1261 3282 1327 3351 (73).
1361 3281 1400 3335 In

311 3360 376 3402 acta
387 3348 566 3414 Imperatoris
580 3350 755 3422 inquiritur,·
774 3351 841 3405 bene
853 3352 1006 3420 praeficisse
1017 3352 1154 3405 communi
1165 3350 1289 3403 docetur.
1323 3351 1399 3404 Lon·

309 3418 376 3489 glot·
391 3418 571 3487 Imperatoris
590 3422 702 3479 oratio,
729 3439 787 3493 qua
812 3420 994 3475 archontibus
1014 3422 1176 3491 ignobilitas
1199 3418 1399 3488 atimprudeu·
1456 3462 1464 3472 .

309 3489 352 3539 tia
370 3486 504 3540 obiicitur
522 3502 548 3540 et
566 3490 750 3557 reipublicae
766 3504 855 3544 status
876 3488 1044 3559 deploratur.
1080 3488 1233 3561 llaspondet
1250 3503 1400 3561 praeterea

312 3553 417 3617 adid,
438 3555 515 3628 quod
529 3558 693 3621 patriarcha
712 3577 772 3612 eum
790 3560 830 3613 ad
841 3558 958 3614 reditum
971 3562 1118 3622 invitans,
1135 3578 1227 3628 paena
1246 3562 1402 3614 soluturum
1431 3562 1434 3571 '

313 3624 436 3687 dixerat,
455 3626 531 3681 etde
548 3628 579 3679 vi
600 3628 784 3682 anathematis
795 3630 926 3701 disputat.
962 3632 997 3683 ln
1007 3630 1066 3701 {ine
1084 3632 1182 3699 ingens
1197 3632 1277 3699 pacis
1291 3626 1402 3683 deside-

314 3696 387 3749 rium
405 3696 473 3766 (74).
508 3696 629 3749 Pheraei
647 3699 756 3749 ueniam
774 3712 801 3751 et
818 3718 894 3770 apem
912 3700 947 3753 ab
964 3700 1134 3769 imperatore
1143 3699 1284 3769 flagitant
1297 3712 1324 3752 et
1335 3717 1402 3751 con·

314 3778 475 3835 uquuntur.
522 3768 568 3817 Ex
591 3768 657 3837 ipsis
674 3768 872 3823 mutabilitatis
885 3769 1019 3839 fortunat
1037 3770 1174 3822 humanae
1192 3767 1402 3823 documentum:

316 3844 433 3903 duorum
450 3836 571 3907 exemplo
593 3838 722 3903 Byzantii
739 3851 898 3903 terrentur,
922 3854 950 3893 et
975 3857 1032 3892 non
1049 3857 1127 3907 passe
1145 3839 1287 3908 imperium
1305 3837 1403 3909 defim-

317 3901 403 3966 dere,
428 3906 522 3957 multis
545 3907 689 3978 probatur.
733 3908 894 3962 Ostenditur
912 3910 986 3971 item,
1006 3914 1114 3961 Annam
1137 3910 1340 3977 imperatricem
1358 3908 1405 3959 sui

318 3974 390 4027 iuris
402 3993 459 4027 non
470 3992 532 4027 csse.
572 3976 778 4047 Citrysobergis,
802 3979 890 4049 letati
897 3979 1086 4049 Imperatoris,
1097 3978 1256 4033 constantia
1270 3977 1406 4031 aduersus

321 4046 410 4095 minas
428 4058 454 4096 et
473 4044 599 4099 uerbera.
637 4049 805 4102 Archontum
826 4050 951 4102 invictus
969 4049 1077 4103 animus
1089 4052 1120 4101 in
1134 4066 1242 4102 arcano
1255 4044 1405 4101 reticenda.

323 4114 454 4169 Gerellae
473 4113 588 4172 deditio.
624 4116 739 4172 llarsum
756 4119 836 4191 pacis
850 4120 950 4191 petitio
967 4117 1035 4191 (75).
1080 4119 1204 4176 castella
1223 4114 1359 4194 quaedam
1377 4132 1408 4173 ss
