3125 4900
291 322 364 401 viu
688 317 1007 407 ammomum„

292 497 416 598 fuerit
444 497 754 606 emendandique
777 527 933 608 operam
958 526 1084 577 meam
1105 502 1304 594 levaverit,
1333 503 1393 585 ni-

292 623 351 700 bil
377 623 518 700 attinet
550 621 693 699 dioeret
720 649 779 700 rea
800 626 881 730 ipen
899 621 1060 701 docebit
1111 625 1271 723 Quoties
1286 628 1393 705 enim

293 747 407 839 vitia,
431 747 575 851 quibus
601 749 909 837 Cantacuzenus‚
935 746 1062 849 qualis
1085 772 1106 822 e
1131 749 1305 827 Parisino
1331 776 1392 827 co·

292 870 379 948 dice
395 869 561 976 prodiit,
586 869 724 977 passim
743 871 971 975 inquinatus
985 888 1058 960 est,
1076 869 1127 946 ad
1142 869 1261 950 huius
1275 872 1391 951 fidem

292 993 461 1086 correxi,
488 1011 557 1070 aut
586 993 617 1070 ai
643 979 742 1098 quid
764 1012 921 1099 prorsus
945 994 1124 1071 omissum
1150 1013 1234 1072 erat
1257 1016 1390 1090 antea,

291 1119 384 1198 inde
414 1119 587 1229 supplevi
620 1135 659 1194 et
693 1117 904 1222 integritati
939 1143 1029 1194 suae
1053 1116 1227 1210 reddidi,
1257 1119 1391 1199 sedulo

290 1245 512 1324 iaciendum
537 1244 687 1336 curavi,
721 1261 769 1321 ut
792 1243 956 1320 Parisini
981 1241 1074 1319 libri
1098 1239 1308 1320 dissensum
1332 1245 1392 1322 in·

291 1371 470 1448 dicarem.
522 1367 598 1444 Ubi
623 1366 828 1470 utriusque
858 1366 1000 1445 codicis
1035 1368 1240 1445 lectionem
1269 1393 1391 1446 anno-

294 1513 413 1570 tatam
440 1491 625 1598 reperies,
656 1490 712 1566 ibi
736 1491 848 1582 scito,
880 1489 988 1594 quod
1020 1490 1063 1566 in
1101 1507 1208 1566 textu
1228 1489 1389 1594 legitur,

154 1613 166 1634 “
240 1669 244 1676 ·
292 1617 516 1694 coniectura
541 1643 564 1692 a
589 1639 651 1691 me
682 1613 906 1691 restitutum
929 1637 1262 1718 esse3quanquam
1283 1612 1327 1688 id
1349 1633 1390 1691 et

290 1739 511 1846 parcissime
529 1737 629 1850 ¹itaci,
649 1755 689 1814 et
712 1763 755 1812 ea
781 1763 947 1842 semper,
974 1755 1019 1812 ut
1044 1734 1186 1826 debui,
1207 1732 1387 1813 modera-

292 1863 414 1952 tione,
449 1880 497 1938 ut
532 1861 634 1938 nihii
661 1858 881 1964 quidquam
911 1884 958 1933 ex
991 1860 1147 1962 ingenio
1178 1879 1387 1952 mutarem,

291 1984 365 2062 nisi
395 1983 466 2060 ubi
492 2007 551 2058 res
574 1983 780 2060 certissima
800 1980 1007 2060 videretur.
1059 1981 1170 2081 Quin
1200 1983 1318 2059 etiam
1341 1983 1386 2060 in

284 2093 339 2184 ¹eo
364 2131 502 2210 genere
535 2105 726 2210 quaedam
757 2108 924 2199 servavi,
957 2131 1059 2212 quae
1083 2133 1192 2183 nuno
1214 2123 1386 2182 correcta

292 2234 468 2322 mallem,
492 2231 600 2307 velut
623 2257 660 2336 p.
684 2257 752 2322 αι,
779 2252 854 2330 19,
879 2231 950 2306 ubi
973 2257 1047 2338 pro
1068 2257 1136 2322 eo,
1160 2228 1267 2335 quod
1282 2246 1385 2305 uter

213 2447 218 2461 .
291 2383 370 2463 qne
393 2353 512 2432 codex
535 2352 653 2432 habet
673 2354 1087 2453 oportovoipsvov,non
1105 2351 1261 2446 dubito,
1284 2353 1385 2457 quin

292 2478 578 2560 emendandum
594 2466 644 2554 sit
657 2474 945 2577 παριστάμένον.
971 2476 1063 2555 vid.
1085 2506 1121 2583 p.
1137 2505 1225 2579 207,
1239 2480 1272 2553 5.
1293 2484 1384 2581 237,

296 2630 352 2681 10.
401 2600 553 2679 Deinde
583 2596 832 2705 scribendum
863 2619 919 2677 est
949 2628 989 2707 p.
1019 2606 1085 2690 80,
1117 2608 1151 2697 4.
1181 2628 1262 2677 non
1293 2594 1387 2670 erat

294 2726 602 2827 συναιρουμένου,
617 2723 682 2803 sed
709 2728 800 2797 ason
822 2726 1109 2825 συναιρομένου,
1130 2742 1176 2801 ut
1192 2726 1235 2801 in
1251 2722 1385 2801 eadem

291 2852 461 2927 formula
483 2846 589 2956 apud
610 2864 786 2925 nostrum
802 2848 962 2955 saepius.
1012 2848 1221 2953 Reliquum
1235 2865 1311 2939 est,
1337 2865 1385 2925 ut

292 3000 491 3068 moneam,
516 2970 712 3077 quidquid
731 2971 968 3049 variantium
991 2971 1205 3049 lectionum
1217 2972 1261 3048 in
1285 2971 1383 3049 duo·

292 3098 367 3173 bus
390 3096 586 3204 prioribus
611 3095 722 3172 libris
752 3091 872 3172 codex
896 3094 1133 3172 Monacensis
1156 3095 1287 3182 habet,
1321 3096 1382 3172 in·

293 3240 438 3299 sertum
462 3220 512 3297 iri
537 3220 725 3299 volumini
751 3222 884 3319 tertio,
908 3219 1014 3325 quod
1036 3248 1123 3297 mox
1146 3220 1328 3328 prodibit.

391 3447 466 3523 Ser.
493 3434 648 3561 bonnae
672 3472 788 3523 mens.
814 3445 937 3553 April.
958 3473 993 3523 a.
1009 3451 1114 3526 1831.

688 3748 982 3760 w
