3125 4900
322 327 419 410 ’τιό
724 345 1002 412 canracuztat

183 500 471 589 nii-atirraiiuuss,
484 520 640 586 προσηκον
654 498 800 587 άρορᾷν·
822 493 921 561 τάλλα
942 496 979 561 δέ
997 496 1096 580 μηδὲν
1115 489 1273 577 ἡγεῖσθαι,
1291 491 1323 555 τί
1332 494 1411 573 μέλ·

327 609 392 677 λεις
410 626 443 665 τι
462 603 516 681 τῆς
544 602 604 683 σῆς
629 599 785 672 συνέσεως
811 596 868 662 καὶ
888 597 1073 679 οτρατηγιας
1093 588 1267 675 α’ξιόχρεων
1297 600 1410 658 ποιεῖν.

327 698 450 786 δρῶμεν
470 702 506 763 δὲ
534 696 588 761 κατ’
613 698 676 761 τάν
709 698 893 778 στρατηγῶν
918 691 993 769 τοός
1013 690 1152 774 μάλιστα
1174 684 1408 767 συνετωτάτους

298 799 387 867 Curia
408 797 459 861 aiei
477 800 517 881 τῇ
539 790 698 883 παρ’ῥησίρι
717 798 899 877 χρωμένους
926 794 981 855 κατ’
1003 787 1082 855 κατά
1103 790 1204 870 στόμα
1223 797 1287 863 τοῖς
1315 796 1408 852 πολε-

324 896 410 979 μιόις
430 894 641 974 ὑπαντῶντας,
663 896 730 957 ἀλλ’
751 892 837 957 ἔστιν
858 883 897 955 οὗ
917 891 973 954 καί
991 887 1127 962 ἀπάταις
1144 889 1330 973 χρωμένους
1350 892 1426 957 καίὸ

324 995 428 1071 δόλοις
445 998 501 1059 καί
519 1000 677 1078 μηχαναῖς
697 1014 780 1071 τισι,
803 994 859 1054 κατ’
877 990 1039 1070 μάλιστα,
1071 982 1161 1071 ῆνίκα
1181 988 1237 1072 δέῃ
1258 991 1407 1072 φοβεροῖς

322 1118 388 1159 τισι
419 1097 472 1157 καί
493 1090 719 1165 δυνατωτάτοις
745 1088 983 1170 συμπλέκεσθαι
1015 1086 1185 1167 πολεμίοις.
1225 1088 1281 1148 κατ’
1301 1086 1404 1161 οδδείς

321 1188 428 1257 αάτοῖν
458 1190 577 1267 κακίζει
605 1188 662 1274 την
690 1186 833 1273 άπάτην,
873 1184 955 1251 άλλά
985 1184 1041 1250 καί
1065 1182 1274 1266 θαυμάζομεν
1301 1180 1403 1247 ἅπαν·

320 1314 370 1364 τες
380 1342 390 1371 ‚
420 1283 471 1354 οἶοι
502 1284 541 1373 δη
569 1287 666 1353 πλείω
697 1290 753 1373 τῆς
775 1289 931 1361 συνέσεως
961 1278 982 1371 ἢ
1008 1287 1064 1371 τῆς
1092 1282 1200 1372 ριόμης
1227 1286 1402 1367 δυναμένης

318 1390 503 1473 κατορθοῦν.
1105 1414 1108 1419 ·
1403 1406 1444 1449 το

214 1518 308 1573 γρηῦ
402 1489 456 1559 ιθ.
502 1490 643 1554 Τοιαάτα
670 1485 727 1551 καὶ
755 1487 835 1566 πρός
856 1488 975 1551 ἐκεῖνον
994 1481 1092 1549 εἶπάν
1111 1481 1165 1547 καὶ
1186 1483 1315 1561 πείσας,
1343 1474 1401 1564 ὅρ-

280 1614 305 1665 1)
318 1612 383 1663 νοις
410 1612 443 1652 τε
474 1588 748 1673 ἀσφαλισάμενος,
782 1584 831 1667 aig
849 1589 907 1650 νῦν
927 1608 960 1650 τε
979 1581 1204 1668 προθυμότατα
1224 1603 1400 1663 συναγωνι-

312 1696 396 1753 εῖται
415 1688 489 1768 κατ’,
511 1688 719 1760 καταστάντος
740 1683 820 1768 πρός
840 1683 900 1769 την
915 1683 1042 1767 α’ρχῆν,
1077 1685 1111 1747 ἐν
1131 1680 1285 1764 ὑπηρέτου
1314 1681 1399 1743 τελέ-

310 1808 361 1852 σει
381 1790 493 1873 μοίρη,
514 1786 611 1866 μόνον
630 1780 845 1865 βουλεόεσθαι
867 1778 1067 1861 καταλιπων,
1088 1774 1173 1856 ὅπως
1186 1772 1226 1842 όν
1246 1774 1283 1843 τό
1298 1800 1397 1842 σπου-

311 1880 483 1964 δαζόμενον
504 1886 739 1965 κατορθωθειή,
759 1882 815 1944 ε’πδ
832 1877 908 1955 τοός
929 1877 1088 1965 attenuate
1102 1873 1438 1962 ἐχάρειΚωνστανιὸ

308 1976 393 2045 τῖνόν
423 1998 462 2043 τε
483 1982 539 2043 καί
558 1978 711 2046 ’laudatus
739 1980 796 2043 τόν
824 1978 924 2062 μέγαν
956 1980 1066 2049 δοῦκα.
1107 1981 1163 2042 κατ’
1195 1980 1304 2062 προῖτα
1334 1978 1394 2056 μὲν

308 2071 435 2168 ᾤκτειρε
461 2082 516 2160 τῆς
553 2082 626 2161 παρ’
654 2074 745 2157 άξίαν
776 2080 990 2162 κακοπραγίας
1021 2080 1078 2141 κατ’
1104 2076 1193 2165 ἐῴκει
1219 2080 1394 2157 συναλγεῖν.

306 2176 416 2241 ἔπειτα
451 2181 506 2242 καί
533 2171 675 2257 ιόνείδιζε
701 2176 758 2263 την
779 2179 1034 2257 έθελοδουλειαν,
1065 2177 1122 2239 κατ’
1153 2175 1189 2239 τό
1225 2171 1306 2255 πρός
1333 2172 1393 2257 την

307 2276 493 2361 ἐλευθερίαν
524 2276 676 2365 ῥᾳθύμως
708 2278 801 2357 βιοῦν
832 2276 889 2339 καὶ
917 2270 1107 2357 ἀνειμένως,
1138 2278 1194 2344 κατ’
1221 2277 1302 2359 μηδὲ
1334 2274 1393 2338 νῦν

213 2376 405 2460 Ρ.4ο8γοόν,
439 2372 493 2440 ira
523 2378 625 2454 καλῶς
654 2379 753 2440 ποιεῖν
774 2372 988 2460 παρέσχετοδ
1017 2373 1131 2460 χρόνος
1169 2377 1223 2460 τῆς
1254 2371 1435 2457 μεγάλουιο

304 2476 489 2557 δομεστίκου
509 2481 640 2559 χρονίου
663 2477 808 2549 δουλείας
821 2477 1064 2560 ἀπαλλαγῆναι,
1084 2479 1239 2559 προσῆκον
1251 2467 1391 2557 εόγενέσι

302 2575 359 2639 καί
385 2577 565 2660 ἐλευθέροις
593 2576 729 2658 α’νδράσι
760 2576 1005 2654 διανοουμένους
1025 2599 1066 2643 τι.
1107 2573 1209 2638 καίτοι
1234 2573 1391 2653 βασιλέως

301 2675 361 2758 μὲν
383 2675 515 2756 ζῶντος,
536 2675 677 2759 στέργειν
697 2675 731 2752 ἐξ
751 2671 886 2758 άνάγκης
905 2666 964 2759 ἧν,
985 2670 1105 2758 πολλὴν
1124 2674 1243 2752 ,ἐκείνου
1257 2670 1315 2757 τόν
1334 2669 1389 2759 ῥο-

372 2864 394 2902 ι.
406 2847 523 2920 μέλλοις
540 2848 567 2901 Ρ.
647 2851 687 2904 ιδ.
706 2846 909 2906 έδτλοδουλίον
924 2849 952 2904 Ρ.

301 3008 394 3062 dentis
413 3017 460 3062 tua
479 3019 507 3064 et
529 3025 601 3082 quae
618 3011 646 3061 iu
666 3015 694 3061 te
719 3016 760 3062 est
786 3011 899 3064 scientis
917 3013 1092 3080 imperatoria
1116 3011 1227 3079 dignam
1245 3019 1386 3080 praestare

299 3081 376 3132 veiis.
412 3081 543 3133 Videmus
561 3090 651 3134 autem
672 3080 755 3133 duces
772 3083 998 3150 prudentissimo·
1023 3099 1079 3135 nun
1103 3099 1208 3151 semper
1231 3083 1319 3135 libere
1341 3083 1385 3133 iu·

301 3155 350 3220 qui
368 3162 397 3205 et
414 3152 507 3222 lingua
531 3149 656 3206 hostibus
683 3167 839 3217 occurrere3
870 3153 918 3204 sed
935 3154 1083 3224 aliquando
1103 3152 1236 3204 etiamad
1260 3152 1384 3204 fraudem

301 3229 330 3272 et
347 3220 439 3275 dutum
458 3232 486 3275 et
510 3223 639 3294 quasdam
663 3220 801 3273 machinas
826 3225 989 3290 confugere:
1015 3225 1159 3293 praecipue
1183 3222 1292 3293 qasausiu
1320 3239 1383 3274 euru

300 3289 380 3344 hoste
405 3292 572 3345 formidabili
590 3309 621 3343 ae
640 3293 830 3357 potentissimo
856 3310 898 3344 res
925 3293 1017 3345 saturn
1044 3302 1092 3347 est.
1137 3293 1193 3345 Nee
1218 3293 1274 3344 iiiia
1302 3294 1383 3375 ‹puis-

299 3375 382 3430 quam
409 3379 453 3414 ess
479 3363 585 3416 frauder
610 3363 680 3414 vitiu
698 3361 761 3424 dat,
792 3363 1072 3416 verum'sdmiramnr
1098 3378 1213 3426 omnes,
1246 3378 1325 3432 quasa
1350 3363 1382 3416 in

298 3431 449 3484 calliditate
476 3448 557 3500 quam
576 3433 604 3482 in
632 3431 779 3484 roboreae
800 3431 902 3485 viribus
920 3437 1007 3486 maius
1025 3441 1191 3486 momentum
1210 3435 1253 3484 sit

371 3519 409 3570 ¹9·
446 3501 489 3554 lta
511 3503 615 3553 loeutus
641 3505 795 3554 taumate
816 3519 851 3554 ue
877 3498 988 3564 addito,
1020 3520 1049 3556 se
1074 3511 1104 3556 et
1124 3520 1197 3556 urana
1227 3503 1381 3554 adiutorem

298 3569 357 3621 fure
378 3571 590 3638 paratissimum,
609 3580 636 3623 et
656 3571 704 3624 ubi
724 3576 783 3642 ipse
803 3575 947 3640 emperiam
963 3573 1077 3642 adeptus
1096 3575 1189 3635 inserit,
1206 3573 1235 3624 in
1253 3575 1314 3625 loeo
1328 3572 1382 3624 ani·

253 3693 256 3706 ,
297 3640 377 3691 nistri
404 3657 498 3709 operas
526 3643 553 3692 ei
581 3641 723 3705 daturum,
749 3644 900 3714 persuasit:
927 3645 1015 3696 solum
1037 3660 1072 3695 ue
1097 3643 1250 3696 deliberare
1270 3645 1381 3705 sinens,

298 3709 450 3830 gaumario,
478 3709 553 3781 quod
578 3712 752 3774 studebatur,
778 3729 907 3782 prospere
933 3663 1108 3777 suceea‘ierrt³
1136 3714 1170 3764 ad
1197 3713 1293 3764 iratres
1320 3713 1380 3764 eius

298 3819 299 3822 ,
325 3783 511 3831 oustantinum
532 3790 560 3832 et
585 3783 715 3834 isaacium
740 3799 864 3850 magnum
890 3784 985 3836 ducem
1003 3784 1079 3836 abiit.
1115 3786 1153 3836 Δο
1174 3784 1292 3852 primum
1314 3782 1381 3854 qui-

296 3847 362 3898 ulem
383 3849 519 3919 indignam
547 3867 639 3903 eorum
662 3853 797 3904 fortunam
816 3856 972 3917 mireratus,
998 3862 1120 3905 mutuum
1139 3853 1241 3906 doloris
1269 3869 1381 3904 sensum
1495 3849 1499 3854 ’

297 3933 365 3986 prae
391 3935 420 3970 se
444 3918 556 3972 iereb'at.
595 3922 700 3974 Deinde
723 3924 904 3975 votantartam
933 3926 972 3976 eis
996 3926 1153 3976 servitutem
1179 3923 1381 3991 exprobrabat,

300 3989 375 4058 quod
393 3997 446 4040 tarn
465 3991 597 4060 ignaviter
615 4008 646 4044 aa
663 3993 773 4044 remisse
787 3994 942 4044 tiberntem
961 4003 1139 4063 quaererent,
1157 4001 1185 4046 et
1197 4009 1287 4065 neque
1304 4007 1380 4046 nune

299 4060 413 4122 saitem,
433 4061 542 4130 quaudo
561 4059 669 4114 adesset
692 4063 801 4115 sortiter
827 4063 944 4116 faciendi
966 4067 1171 4134 opportunitas,
1195 4061 1301 4133 aliquid
1328 4079 1379 4131 pru

297 4128 446 4182 nobilitate
465 4139 493 4182 rt
511 4132 678 4200 ingenuitate
697 4149 762 4194 sua,
781 4132 816 4185 ιδ
832 4133 990 4185 diuturnum
1013 4136 1102 4202 magui
1122 4133 1266 4185 domestici
1283 4133 1377 4203 iugum

297 4199 490 4254 excutiendum
509 4202 607 4253 animis
636 4202 778 4268 agitarent.
814 4201 987 4274 Quamquam
1011 4207 1087 4256 enim
1116 4203 1262 4273 superstite
1287 4205 1380 4270 irnpe-

296 4275 388 4324 ratere
405 4272 562 4326 necessitati
579 4273 724 4344 repugnari
746 4288 804 4328 nun
828 4275 967 4345 patuerit,
990 4283 1136 4348 prepterea
1159 4272 1236 4345 quud
1256 4273 1288 4326 iu
1314 4287 1380 4326 eun
