3125 4900
506 215 790 281 nrsroaranuu
818 220 874 279 ιιι.
904 222 958 287 ιν.
1180 188 1262 275 255

179 358 290 449 ἀντας,
320 364 364 444 ἀς
384 370 599 451 ἀμυνοῦνται,
628 364 670 436 ἀν
691 372 763 457 ἕπίη
787 392 836 445 τις
856 368 971 449 αάτοΐς,
995 367 1179 454 ἀπογνόντες
1201 370 1259 455 τήν
1270 380 1333 437 Ml·
1343 380 1409 451 ista

178 469 294 533 ἐλπιλλα
307 470 368 533 τοῦ
386 467 657 555 περιγενήσεσθαι,
672 470 865 554 ἀνέστρεφον
884 472 929 545 εἰς
941 472 1179 555 Θεσσαλονίκην,
1188 474 1264 554 χαί-

176 592 289 657 ροντες
318 567 402 651 epod
431 570 488 633 καί
507 572 740 650 παιανίζοντες,
763 570 926 653 ἀρκοῦσαν
947 566 1118 651 ἡγεόμενοι
1137 568 1196 655 τήν
1216 574 1262 637 νί-

176 695 256 755 κην,
291 662 341 732 ότι
372 671 429 752 τῆς
451 668 618 750 Ῥωμαίων
644 672 701 753 γῆς
724 670 859 751 βασιλέα
881 665 1027 746 ἐξελάσαι
1046 666 1261 753 ἠδυνήθησαν.

153 770 249 837 ὄάπεί
266 769 303 835 δὲ
323 765 352 831 οἱ
370 765 528 850 βασιλέως
544 766 744 842 ’ἀποστάντες
764 760 922 854 ὤφθησαν
940 766 1124 855 Ἀποκαόκιρ
1144 773 1187 857 τῷ
1203 794 1261 849 με.

172 864 262 956 γάληι
293 868 404 945 dccxl,
435 867 552 949 ἀλίγοις
576 868 638 947 μὲν
663 864 781 950 πολλήν
809 862 1004 931 ἐπεδείκνυτο
1024 866 1260 951 φιλοφροσύνην

173 971 231 1034 καί
257 968 291 1033 όν
324 975 391 1043 τοῖς
419 963 560 1047 μάλιστα
587 966 649 1032 τῶν
678 970 781 1052 φιλων
802 958 875 1049 ἦγε,
917 967 1037 1031 ταῖνδε
1058 958 1162 1032 ἀλλων
1183 964 1259 1042 τοός

173 1068 236 1148 μὲν
255 1059 366 1151 ἀκροις
386 1064 509 1148 χειλεσι
527 1061 624 1147 μόνον
643 1061 872 1152 προσηγόρευε,
887 1073 952 1139 τοῖς
973 1056 1081 1140 ἀλλοις
1102 1066 1137 1130 δὲ
1157 1088 1256 1148 προσ-

172 1168 306 1251 εφέρετο
339 1166 534 1250 εἰρωνικῶς·
587 1162 654 1229 ἔστι
682 1168 719 1231 ἀὲ
751 1157 799 1241 οἷς
825 1167 882 1229 καί
916 1163 1058 1241 ἀνείιλιζε
1086 1164 1144 1247 τήν
1174 1162 1281 1246 μετάΒ

134 1266 442 1348 ιοΚαντακουζηνοῦ
461 1268 519 1329 τοῦ
538 1266 695 1345 βασιλέως
716 1266 925 1329 ἀποστασίαν.
949 1266 1043 1347 δῆλος
1060 1266 1095 1327 δὲ
1113 1258 1257 1347 ἧνπάσιν

170 1361 450 1448 ἀμπικραινόμενος
476 1366 531 1429 καί
557 1369 661 1441 κακῶς
686 1362 839 1449 ποιήσων,
864 1357 903 1428 ἀν
925 1360 1064 1447 λάβηταί
1079 1388 1162 1438 τινος
1181 1385 1258 1449 προ·

170 1458 301 1551 φάσεως
321 1460 465 1546 εάλόγου.

252 1560 317 1645 μβ.
338 1560 531 1643 Πυθόμενος
542 1565 578 1627 δὲ
597 1566 653 1627 καί
670 1565 746 1649 περί
762 1563 969 1645 Ἔδεσσηνοόν,
992 1554 1042 1625 ὅτι
1062 1560 1125 1647 dard
1138 1565 1286 1647 Τριβα-(η

170 1664 237 1727 tais
248 1666 487 1749 πολιορκοῦνται
507 1660 622 1747 χρόνον
648 1654 710 1745 ἤδη
727 1659 852 1745 συχνόν,
868 1661 943 1739 rode
956 1660 1069 1736 ἱππέας
1085 1658 1153 1725 ὅσοι
1173 1654 1255 1745 ἦσαν

131 1756 245 1841 εὸἀμα
271 1770 337 1837 τοῖς
355 1770 543 1845 στρατηγοῖς
562 1761 796 1841 Παλαιολόγοις
821 1768 889 1837 τοῖς
920 1761 1012 1826 ἀυσίν
1031 1764 1154 1827 ἐκέλευε
1173 1786 1254 1843 συμ-

167 1863 341 1925 πλέκεσθαι
365 1870 431 1935 τοῖς
455 1866 623 1945 Τριβαλοίς
654 1864 710 1925 καί
727 1862 784 1942 τῆς
804 1863 983 1942 πολιορκίας
1002 1860 1201 1945 Ἐδεσσηνοός
1222 1865 1255 1926 e'-

165 1963 352 2045 λευθεροόν.
392 1961 413 2043 ἡ
443 1964 504 2041 μὲν
531 1954 588 2026 σόν
618 1958 753 2045 στρατιά
782 1958 861 2023 κατὰ
882 1957 915 2025 τό
938 1960 1093 2041 ἐπίταγμα
1115 1953 1190 2045 ἧκον
1211 1959 1254 2035 οἷς

165 2055 376 2139 μαχούμενοι,
415 2062 568 2143 Υριβαλσί
587 2062 623 2124 δὲ
642 2063 736 2142 μέχρι
753 2062 814 2139 μὲν
834 2052 1072 2141 ἀκροβολισμῶν
1093 2062 1254 2142 ἀνέμειναν

165 2157 451 2245 τῷστρατοπέδῳ,
487 2157 623 2240 οἰόμενοι
641 2160 819 2239 Ῥωμαίους
850 2158 889 2221 ου’
920 2154 1115 2243 δυνήσεσθαι
1135 2152 1254 2233 αότοός

121 2256 223 2338 αοτής
248 2262 429 2339 πολιορκίας
457 2254 653 2340 ἀναστήσειν.
695 2257 738 2333 τός
766 2258 802 2321 dd
823 2252 931 2339 ἑώρων
959 2260 1084 2331 πλείους
1104 2278 1138 2320 τε
1162 2246 1253 2334 ὄντας

163 2352 222 2419 καί
231 2353 417 2436 προθύμους
424 2353 603 2437 μάχεσθαι,
622 2359 791 2435 δείσαντες,
812 2354 855 2440 μή
879 2354 940 2419 eni
956 2356 1151 2441 φιλονεικίας
1172 2355 1252 2420 ἀπό.

163 2461 282 2520 lenm
306 2458 448 2520 πλείοσιν
477 2457 560 2536 ὁμοῦ
585 2458 645 2545 καί,
657 2455 795 2537 βελτίοσι
815 2452 1017 2537 μαχόμενοι,
1053 2455 1251 2536 συνταξάμε-

161 2575 214 2616 νοι
234 2550 437 2635 ἀνεχώρουν,
457 2553 494 2618 τό
514 2554 728 2648 στρατόπεδον
748 2551 985 2634 καταλιπόντες,
1009 2550 1134 2635 ἀλιγους
1154 2577 1249 2637 στρα-

162 2648 282 2726 τιιίτας
310 2653 346 2715 ἐν
364 2661 432 2726 τοῖς
454 2655 694 2737 ἀκροβολισμοῖς
715 2648 938 2734 ἀποβαλόντες.
982 2647 1132 2731 Ῥωμαῖοι
1154 2653 1189 2716 δὲ
1210 2649 1279 2723 τόι)

234 2823 258 2858 a.
277 2807 483 2878 περιγενέσθαι
500 2806 536 2858 Μ,
555 2823 605 2876 mg.

159 2944 334 3016 pulsatoros,
354 2947 460 3000 abiecta
479 2963 528 3014 spe
546 2949 690 3011 victoriae,
709 2949 933 3001 Thessalonicam
953 2947 1109 3010 redierunt,
1128 2945 1249 3014 gauden-

159 3024 204 3069 tes
223 3023 370 3086 etpaeana
387 3026 534 3081 canentes,
563 3020 684 3090 satisque
703 3036 825 3085 maguam
846 3019 988 3069 victoriam
1008 3019 1074 3076 reti,
1102 3013 1176 3084 quod
1198 3015 1250 3064 llo-
1362 3031 1367 3050 ι

158 3089 319 3140 menoccle
337 3090 528 3157 imperatorem
544 3090 682 3158 expellere
700 3091 865 3158 potuissent.
894 3089 1054 3140 Desertores
1070 3084 1251 3151 imperatoris,

158 3155 212 3210 ubi
230 3159 260 3210 in
283 3166 461 3226 conspectum
485 3159 643 3227 Apoceucbi
667 3165 818 3221 venerunt,
844 3172 945 3226 paucos
972 3157 1084 3208 comiter
1106 3152 1252 3206 admodum

158 3227 263 3295 accipit
282 3245 385 3298 eosque
402 3229 433 3280 in
456 3231 626 3282 amicissimis
648 3229 750 3296 habet;
774 3245 809 3282 ex
828 3229 890 3280 aliis
911 3223 1058 3280 nonnullos
1077 3238 1181 3276 summo
1203 3239 1251 3275 ore

157 3304 243 3348 uuus
259 3298 378 3349 salutate
406 3315 465 3350 cum
485 3298 649 3367 quibusdam
667 3299 795 3352 simulate
813 3300 886 3370 agit:
914 3293 1054 3366 aliquibus
1079 3293 1161 3345 etiam
1188 3310 1249 3346 cum

156 3365 350 3419 Cantncuzcno
371 3368 553 3422 defectionem
572 3369 734 3438 exprobrat:
767 3369 797 3421 in
824 3382 919 3422 omnes
947 3375 1040 3420 temen
1060 3371 1249 3434 exasperatum

157 3443 189 3490 et
203 3435 416 3500 vindicaturum,
437 3438 461 3490 si
480 3439 651 3492 occasionem
669 3441 796 3494 idoneam
815 3439 1030 3498 nancisceretur,
1048 3435 1161 3504 plenum
1182 3442 1249 3488 erat.

230 3512 273 3574 4ο.
310 3506 378 3560 Cum
406 3515 497 3561 autem
515 3508 715 3574 intellexisset,
742 3510 895 3562 Edesseuos
920 3523 935 3558 a
963 3505 1095 3560 Triballis
1120 3505 1168 3556 diu
1194 3507 1249 3556 iam

154 3576 297 3638 obsideri,
317 3580 425 3649 equites
465 3585 584 3649 uotquot
604 3588 700 3643 erant,
726 3595 781 3631 une
800 3595 860 3630 cum
880 3578 954 3630 binis
973 3576 1089 3630 ducibus
1108 3574 1249 3627 Polaeolo-

154 3648 215 3716 gis,
238 3647 339 3701 collato
356 3664 417 3700 eum
437 3666 453 3698 o
475 3646 629 3702 sidentibus
647 3648 764 3718 proelio,
783 3649 846 3700 illos
863 3649 982 3701 liberare
1001 3647 1091 3699 iussit.
1117 3645 1249 3715 Equitum

154 3725 264 3770 trasmae
288 3733 339 3786 pro
364 3717 492 3771 mandato
517 3719 685 3772 adveniunt:
715 3718 834 3771 Triballi
856 3735 943 3788 usque
968 3717 1032 3772 dum
1055 3717 1152 3770 iaculis
1170 3723 1249 3785 pete·

153 3795 271 3851 rentur,
301 3789 395 3841 castris
414 3806 444 3842 se
462 3790 622 3853 contineat,
650 3791 810 3857 opinantes,
837 3808 894 3851 non
919 3805 999 3858 posse
1025 3805 1053 3840 se
1080 3803 1096 3838 ε
1122 3786 1247 3838 Romanis

154 3855 227 3910 urbe
242 3860 413 3912 summoveri.
449 3859 550 3912 Verum
569 3867 601 3912 ut
628 3876 688 3927 pers
710 3869 840 3924 exerunt,
863 3861 954 3930 plures
974 3875 1032 3912 esse
1060 3863 1089 3910 et
1105 3855 1246 3926 pugnandi

155 3927 292 3998 cupidos,
318 3939 393 3982 metu
416 3931 587 3992 incessente,
610 3946 646 3981 uc
669 3876 796 3999 pluribus
815 3949 846 3984 ac
869 3927 1070 3984 strenuioribus
1094 3933 1245 3997 pugnantes

156 3997 363 4060 oeesrmberent,
381 3999 475 4052 eastris
495 3999 598 4053 relictis
615 4015 648 4049 ee
664 4002 759 4070 paucis
778 4017 889 4056 suorum
911 4002 967 4052 ictu
987 3999 1147 4070 sagittarum
1163 3999 1244 4048 smis-

154 4068 212 4131 sis,
228 4069 410 4121 dieusalutc
428 4067 572 4134 recedunt,
604 4071 718 4126 nomam
737 4078 841 4135 castre,
860 4071 939 4142 equis
958 4088 1014 4124 non
1032 4069 1126 4139 paucis
1146 4075 1173 4118 ct
1192 4065 1247 4116 alia

153 4137 259 4210 praede
284 4146 411 4210 reperta,
438 4137 581 4212 diripiunt.
624 4141 761 4198 Liberalis
785 4141 821 4194 ad
846 4141 920 4197 huuc
946 4138 1059 4197 modum
1084 4135 1247 4200 Edessenis,
