3125 4900
290 937 389 1002 θεοῖς
410 923 445 988 ἐν
457 915 547 1005 'Aen
568 909 678 997 α’ρετής
698 894 949 976 ἀντιποιουμένου
1381 955 1389 976 ⁸

321 1033 412 1098 σται”ς
440 1017 495 1084 καί
518 1014 665 1099 ἐργάταις
693 995 904 1088 γεγραφόταςι
922 988 978 1053 καί
1003 976 1103 1047 πολλὰ
1127 973 1308 1058 δεηθέντος,
1331 980 1410 1075 upon

321 1119 499 1204 Βυζάντιον
519 1116 625 1180 ἐλθεῖν
644 1106 699 1169 καί
716 1097 861 1182 βασιλίδι
879 1087 936 1154 καὶ
953 1075 1138 1167 αατριόρχή
1158 1068 1214 1136 κατ’
1246 1060 1293 1139 οἷς
1314 1059 1411 1132 unitor

321 1217 483 1304 ὀνομάζεις
511 1208 682 1294 σύγκλητον
709 1191 829 1284 βουλήν
867 1183 1079 1269 διαλεχθῆναι
1109 1171 1183 1257 nepe*
1211 1159 1335 1249 εἰρήνης
1358 1155 1413 1220 καί

320 1331 431 1389 τιεῑσαι
451 1307 682 1378 κατατίθεσθαι
702 1296 757 1364 τόν
775 1289 931 1372 πόλεμον,
954 1279 991 1347 ὃν
1012 1275 1129 1349 τόδόιεος
1147 1262 1326 1348 κεκινήκασι
1345 1256 1414 1320 κατ’

322 1420 403 1503 ἐμοῦ
423 1414 522 1499 μηδὲν
542 1397 746 1494 ἠδικηκότος,
777 1383 992 1474 συκοφαντίας
1011 1371 1208 1455 πλασάμενοι
1228 1363 1282 1428 καὶ
1300 1357 1457 1437 decdo-so

325 1517 404 1601 λός,
426 1509 507 1598 μετὰ
529 1509 592 1574 τεόν
613 1496 719 1568 ἄλλων
739 1485 958 1579 παρειλήφασι
977 1475 1032 1545 κατ’
1051 1475 1109 1556 σε,
1130 1468 1176 1544 ὥς
1193 1461 1307 1550 ἀρετῆς
1325 1451 1433 1521 εἶπεν
1541 1465 1543 1475 ’

324 1613 515 1698 πεισόμενον
535 1607 634 1691 δῆθεν
647 1595 702 1665 καί
720 1594 802 1677 δαδρ
821 1589 879 1654 rosi
896 1581 996 1648 καλοῦ
1015 1576 1071 1641 καί
1095 1571 1158 1636 του·
1184 1563 1271 1648 κοινῇ
1291 1562 1416 1621 λυσιτε-

325 1719 451 1788 λοῦντος
474 1697 705 1791 βουλησόμενον
727 1676 987 1760 διακινδυνεύειν.
1015 1670 1084 1740 ἀλλ’
1105 1671 1216 1735 ε’κεῐνοι
1234 1661 1294 1742 μὲν
1314 1651 1418 1722 καλός

325 1815 504 1888 ποιοῦντες,
535 1798 575 1868 τό
606 1821 641 1865 τε
670 1797 780 1860 δέοντα
804 1784 952 1871 εἰρήκασι
977 1771 1057 1860 μετὰ
1078 1760 1256 1852 παρ’ῥησιλις
1276 1755 1332 1820 καὶ
1354 1749 1419 1814 τῶν

327 1917 374 1990 εἰς
405 1903 523 1981 αότοός
552 1897 691 1988 ἡκόντων
725 1891 869 1955 ἐνέλιπον
897 1877 1014 1956 οόδὲν,
1041 1872 1098 1936 καί
1123 1870 1185 1932 τῶν
1221 1844 1462 1943 διαφθαρεικιό

328 2009 532 2098 βουλομένων
564 1996 620 2064 καί
649 1987 856 2072 διαστρέφειν
884 1976 948 2044 αἀό
969 1978 1027 2060 τῆς
1047 1964 1216 2052 sitq-ism,
1248 1953 1418 2022 ou’dt'ine·

296 2106 536 2196 Βστρόφησαν,
565 2090 666 2161 πολλὰ
695 2079 970 2168 ἐπαγγελλομένων
994 2064 1031 2138 τό
1057 2065 1210 2151 ποιήσειν.
1252 2050 1334 2121 α’λλό
1352 2057 1420 2124 τοῖς

329 2207 466 2290 όξαρχής
487 2201 648 2280 ἐνέμειναν
667 2192 830 2272 λογισμοῖς
858 2178 915 2244 καί
933 2179 974 2264 τῇ
995 2166 1070 2256 περί
1087 2167 1146 2232 τοῦ
1165 2159 1266 2228 καλοό
1296 2151 1353 2218 καί
1369 2152 1421 2214 δι-

330 2307 422 2373 καιόυ
444 2301 565 2388 κρίσει·
596 2287 680 2358 δι’ίό
715 2281 884 2366 καὶμέχρι
903 2279 961 2341 νῦν
980 2275 1104 2343 πολλοῖς
1124 2249 1422 2349 προσταλαιπωροῦ-

331 2431 384 2474 σιν
405 2405 567 2485 α’λγεινοῑς.
608 2387 649 2459 αὐ
673 2389 705 2454 δ’
723 2381 787 2449 ini
817 2375 994 2470 φιλαρχίαις
1020 2365 1076 2436 καὶ
1093 2368 1149 2452 τῆς
1171 2356 1255 2428 ιιατό
1280 2352 1339 2440 τήν
1363 2347 1464 2434 cip-20

330 2501 533 2593 χιερωσόνην
555 2495 646 2578 δόξης
667 2484 813 2575 ἡττηθείς
834 2476 996 2561 αἰσχραῖς,
1023 2471 1079 2537 καὶ
1104 2462 1181 2542 scale
1201 2456 1423 2543 συμπρεσβευ·

335 2603 391 2682 τός
409 2597 489 2685 μετὰ
510 2596 567 2663 τοῦ
587 2588 712 2658 δικαίου
734 2586 790 2650 καί
806 2585 864 2665 τῆς
883 2558 1266 2660 όληθειλιςαροόδωκας·
1297 2550 1344 2632 οἷς
1361 2549 1424 2635 dp-

237 2693 563 2789 eruptionemque
589 2686 833 2765 όααλλόξαντας
857 2673 896 2743 τό
924 2666 1148 2739 britiniaco
1178 2664 1236 2730 τοῦ
1255 2652 1424 2725 δεσποστόν

407 2858 436 2910 6.
453 2853 502 2905 καὶ
522 2852 585 2902 snte
602 2844 663 2913 ἐργ.
680 2838 743 2893 εδδ.
760 2836 799 2891 Μ.

338 2992 420 3033 sensu
446 2968 613 3026 deficiente,
636 2968 736 3014 terram
762 2953 891 3009 stabilem
916 2958 945 3005 et
969 2952 1159 3001 inconcussam
1185 2938 1314 2994 vacillare
1337 2936 1429 3003 putet,

338 3064 406 3112 nec,
425 3045 448 3095 si
466 3039 573 3093 insinia
593 3038 749 3101 correptus,
769 3028 839 3080 alios
878 3037 970 3093 noque
986 3018 1093 3078 indicet
1111 3012 1241 3068 insanire.
1277 3009 1312 3063 Et
1327 3013 1357 3057 tu
1375 3002 1429 3072 igi-

339 3130 387 3173 tur
411 3112 489 3168 insui
512 3108 597 3179 gloria
626 3111 656 3155 et
684 3114 775 3152 amore
804 3093 962 3149 dominandi
985 3090 1114 3141 subactus
1139 3086 1222 3153 plnnc
1247 3076 1431 3149 proditorque

340 3190 494 3245 maximus,
513 3178 585 3231 nibil
604 3176 722 3234 mirum,
743 3171 765 3220 si
784 3168 923 3219 insontem
941 3178 985 3214 me
1007 3154 1167 3213 eorumdem
1190 3153 1336 3204 criminum
1360 3158 1430 3195 cun-

343 3260 464 3313 demnes.
499 3247 660 3306 Meministi,
679 3236 828 3312 quomodo,
848 3252 909 3287 cnm
927 3232 962 3285 ad
981 3229 1089 3294 virtutis
1113 3227 1237 3278 alumnos
1266 3214 1434 3271 honestatis-

344 3346 403 3401 qun
418 3328 551 3379 amatores
569 3327 597 3369 et
614 3314 732 3367 cultores
750 3310 780 3359 in
801 3306 873 3360 Atho
891 3311 984 3356 monte
1003 3298 1143 3359 scribens,
1167 3310 1214 3344 eos
1232 3290 1313 3342 enixe
1340 3298 1436 3353 rogas·

345 3414 421 3459 sem,
443 3402 473 3445 ut
491 3389 649 3459 Byzantium
669 3382 825 3442 venientes,
844 3392 906 3428 cum
926 3372 1118 3442 imperatrice,
1136 3360 1290 3435 patriarcba
1310 3366 1339 3410 et
1355 3350 1434 3425 qnod

345 3463 494 3522 nominasti
521 3458 639 3511 concilio
664 3452 699 3505 δε
718 3466 783 3520 pace
800 3454 928 3516 agerent,
945 3439 1159 3509 deponendique
1177 3434 1256 3489 belli,
1275 3427 1349 3499 quod
1365 3438 1437 3473 con·

347 3538 418 3590 lictis
437 3526 674 3587 criminationibus
705 3519 774 3575 mihi
802 3514 958 3571 immerenti
977 3510 1152 3568 intulissent,
1180 3511 1303 3555 suctores
1322 3498 1438 3555 tierent,

347 3624 410 3661 cum
436 3604 497 3655 aliis
516 3606 544 3649 tc
563 3608 691 3665 quoquc,
717 3599 749 3643 ut
767 3584 964 3640 sanctimoniae
992 3579 1084 3632 studio
1108 3578 1264 3645 flagrantem
1283 3569 1391 3621 scilieet
1407 3570 1439 3615 et

352 3692 403 3749 pro
429 3668 531 3725 tuende
560 3666 703 3719 honestate
729 3658 923 3727 communique
951 3652 1040 3703 fructu
1061 3650 1168 3700 uullum
1186 3653 1323 3699 certamen
1343 3635 1439 3687 detre-

354 3752 501 3803 ctaturum,
516 3735 719 3804 assumpserint.
736 3731 839 3781 Verum
856 3728 900 3779 illi
917 3730 990 3775 recte
1010 3736 1074 3771 sane
1092 3726 1121 3769 et
1137 3732 1208 3787 quoe
1231 3709 1355 3781 oportuit
1373 3720 1440 3756 cnm

353 3816 482 3873 libertate
501 3808 644 3865 dixerunt,
664 3816 828 3869 suorumque
846 3796 964 3869 partium
983 3790 1056 3844 nibil
1072 3786 1332 3857 praetermiserunt,
1352 3784 1383 3827 et
1398 3771 1439 3824 ab

354 3888 405 3945 iis,
433 3882 483 3953 qul
505 3892 597 3930 corum
622 3873 808 3943 integritatem
830 3880 1002 3934 corrumpere
1025 3869 1109 3929 atque
1131 3856 1279 3909 sveritnte
1298 3853 1328 3901 in
1346 3845 1443 3896 diser-

354 3970 414 4009 sunu
432 3964 527 4021 rapere
544 3948 647 4015 magnis
666 3938 914 4014 pollicitationibus
929 3931 1116 3990 conabantur,
1142 3942 1158 3976 a
1176 3926 1272 3996 primis
1294 3914 1443 3987 cogitatio-

354 4025 438 4079 nibus
469 4020 526 4073 suie
553 4028 636 4088 ntquc
660 4012 694 4063 ab
721 4028 770 4073 eo,
809 4008 865 4060 uod
883 4003 967 4057 semel
985 4002 1131 4056 honestum
1147 4013 1180 4047 ac
1198 3998 1298 4047 iustum
1316 3986 1441 4039 iudicas·

354 4104 435 4157 sent,
458 4106 515 4144 non
542 4096 607 4139 stunt
632 4082 737 4139 dimoti.
810 4094 845 4129 us
873 4076 909 4128 de
925 4089 1007 4125 censa
1024 4084 1111 4140 usque
1129 4066 1212 4120 bodie
1233 4066 1263 4116 in
1283 4058 1374 4112 multa
1392 4072 1444 4106 ae·

354 4180 451 4220 sumna
468 4166 541 4216 sunt.
564 4158 607 4207 Tu
626 4162 717 4206 autem
735 4148 888 4219 imperandi
906 4141 1037 4214 cupidine
1053 4148 1083 4192 ct
1100 4138 1273 4208 episcopatus
1293 4126 1444 4199 splendore

354 4236 473 4305 turpiter
501 4233 658 4297 superatus,
687 4223 769 4275 etiam
797 4218 941 4286 legationis
960 4210 1047 4264 socios
1066 4226 1122 4261 una
1143 4224 1203 4261 cum
1222 4203 1330 4256 institis
1347 4206 1379 4251 et
1393 4210 1444 4248 sc·

356 4308 436 4362 sitsts
454 4298 618 4374 prodidisti5
637 4293 685 4365 qui
707 4290 778 4343 illud
798 4288 854 4347 diri
875 4282 954 4341 Pauli
973 4282 1009 4337 ds
1028 4282 1114 4339 Dens
1132 4276 1240 4333 modice
1266 4275 1445 4329 inmutatus·
1475 4254 1482 4270 ’
