3125 4900
303 291 382 377 ¹90
699 280 984 357 cauticuzaur

142 444 347 528 ιαιεηιέαί
364 443 418 525 τῆς
438 440 603 523 βασιλίδος
628 442 736 523 μέντοι
766 435 824 505 oris
846 436 987 522 άσέμνυς
1012 436 1113 515 οὕτως
1149 440 1386 526 ἐλοιδοροῦντο,

290 540 384 628 (ὀργῇ
410 538 473 625 γάρ
500 538 581 624 πρὸς
609 538 686 616 roric
716 534 817 618 οὕτως
848 542 1087 624 ἀσελγαίνοντας
1119 542 1278 627 έφέρετο,)
1312 524 1382 606 a'sr’

261 642 415 724 aripoisro
433 635 528 719 μάνον
548 637 590 702 τά
611 636 776 704 δεινότατα
791 641 848 705 καί
867 636 985 723 πολλήν
1005 640 1252 723 κατεψηφίζοντο
1274 635 1390 703 σκαιό·

290 764 369 821 τηεα
390 735 444 801 καί
462 740 613 822 πονηρίαν
623 734 766 823 τρόπων,
790 733 841 802 δτι
859 735 1014 804 τοσούτων
1034 734 1123 823 παρά
1136 737 1291 817 βασιλέως
1305 730 1386 800 άιιο-

294 833 457 913 λελαυκοδς
478 833 535 901 καί
563 830 649 901 οὕτω
677 841 838 922 φιληθείς,
860 836 1032 921 ιίχάριστος
1057 838 1092 901 έιι
1123 836 1296 918 διαμέτρου
1328 834 1408 899 surb

287 934 383 1010 κακὸς
397 937 472 1021 περί
481 929 554 1010 τούς
572 935 694 999 ἐκεινου
714 936 833 1010 παῖδας
854 926 966 999 duras.
998 930 1108 999 irrisor
1126 936 1187 1015 μὲν
1205 924 1262 997 οὖν
1283 928 1387 1011 οὕτως

286 1031 513 1119 ἧκολάσταινον
532 1032 606 1117 περί
623 1030 682 1116 την
693 1036 843 1116 γλῶτταν·
862 1031 919 1097 καί
935 1032 955 1097 δ
974 1030 1172 1119 πατριάρχης
1191 1028 1280 1115 δλίγα
1296 1026 1386 1116 ἢοιλ-

287 1134 343 1199 δέν
363 1134 536 1218 φροντίζων
557 1135 622 1197 ταῖν
642 1132 905 1216 ε’κκλησιαστικάν
921 1134 1059 1213 δεσμῶν,
1082 1126 1178 1195 oriris
1193 1154 1227 1195 re
1239 1133 1387 1216 βασιλέα,

286 1237 446 1318 μηδεμίαν
466 1230 630 1318 πρόφασιν
641 1230 721 1316 πρὸς
736 1230 790 1297 τὸν
802 1228 938 1315 πόλεμον
952 1230 1192 1317 παρεσχημένον
1200 1280 1210 1311 ,
1229 1223 1309 1293 άλλά
1330 1230 1388 1293 καί

286 1328 388 1421 πολλά
410 1330 560 1406 πολλάκις
586 1331 742 1415 δεηθέντα
768 1326 1001 1410 διαλύσασθαι,
1022 1329 1190 1415 οἶφορισμηῖ
1211 1322 1428 1409 άτιέβαλεν,ιο

287 1428 332 1506 σάς
359 1427 456 1495 καινάν
483 1430 627 1515 ὀφθέντα
648 1431 723 1515 περί
742 1431 917 1511 βασιλίδα,
938 1431 994 1493 καί
1020 1425 1119 1503 εἴτις
1146 1427 1234 1513 αὐτῷ
1263 1429 1386 1511 συνείη·

286 1525 441 1612 βασιλεάς
460 1530 495 1593 δέ
517 1526 536 1593 ά
555 1526 819 1614 Κανταιιουζηνάς
847 1522 885 1591 ori
906 1527 1001 1609 μόνον
1021 1525 1120 1601 αάτός
1150 1524 1385 1591 εάναντιοάτατα

263 1627 439 1715 οέφαίνετο
458 1630 576 1710 ποιεῖν,
602 1622 684 1693 άλλά
706 1626 762 1692 καί
778 1624 854 1704 roric
872 1627 1023 1701 συνόντας
1045 1624 1237 1695 deensibus.
1260 1620 1297 1687 οά
1320 1622 1382 1707 γὰρ

284 1726 384 1809 μόνον
402 1730 573 1809 βασιλιδα,
595 1724 700 1791 εἴποτε
718 1722 784 1791 ἔδει
798 1721 1026 1810 μνημονεύειν,
1050 1722 1102 1787 διά
1122 1718 1226 1809 αάσης
1245 1722 1383 1809 εδφημί·

285 1850 325 1902 ας
346 1815 444 1910 ἦγεν,
469 1820 551 1889 άλλά
571 1828 627 1888 καί
643 1826 720 1900 roric
741 1818 856 1901 άλλους
875 1820 939 1889 άπὸ
955 1826 1019 1889 τάν
1044 1818 1229 1903 άξιωμάτων
1247 1826 1425 1904 μᾶλλον,ιὸ

284 1920 308 2008 ἢ
327 1927 391 1989 τῶν
410 1918 571 2004 άνομάτονν
584 1921 808 2007 προσηγόρευε,
827 1924 890 1988 τῶν
910 1924 944 2001 ἐξ
972 1915 1177 2005 Ἀνδρονίκου
1197 1926 1305 2004 μέντοι
1324 1924 1384 1985 τοῦ

286 2020 446 2104 βασιλέως
464 2015 584 2108 ἑκάστην
610 2022 857 2105 δεδωρημένοον,
877 2022 946 2085 inei
972 2023 1035 2085 τάν
1054 2015 1205 2104 ὕστερον,
1226 2020 1271 2094 τάς
1292 2020 1379 2103 παρά

287 2123 377 2204 δίκην
393 2122 625 2203 γεγενημένων,
645 2119 684 2185 τά
705 2118 806 2184 πολλά
827 2120 1006 2203 άντέοτεργε.
1023 2122 1088 2188 τεάν
1102 2115 1256 2184 συνόντων
1275 2120 1310 2183 δέ
1332 2122 1384 2183 ἐπ’

288 2220 392 2283 oritoni
409 2239 494 2293 τινος
514 2216 569 2283 τάν
588 2217 869 2307 ααραιιοιμάμενον
889 2218 945 2283 ιιαί
963 2215 1070 2303 ἕτερόν
1091 2242 1161 2283 τινα
1175 2218 1236 2283 τάν
1257 2218 1290 2282 έν
1312 2223 1382 2283 Bu·

288 2314 402 2404 ζαντάρ
425 2316 616 2403 ὑβρίσαντος
648 2317 809 2404 αἰσχροῖς,
847 2318 992 2382 έιιέλευσε
1019 2319 1229 2401 τυπτηθῆναι,
1257 2316 1427 2398 γυναιξίαο

287 2415 430 2501 φάμενος
455 2411 703 2502 τιορνευομέναις
734 2412 903 2504 προσήκειν
928 2414 967 2482 τά
996 2418 1148 2500 τοιαῦτα,
1188 2412 1323 2502 α’νδράσι
1345 2418 1382 2482 δέ

288 2513 323 2580 εδ
345 2513 517 2598 μάχεσθαι.

254 2623 279 2676 D
367 2612 426 2679 λα’.
468 2612 565 2700 Πρὸς
582 2618 693 2698 μέντοι
711 2614 767 2682 τάν
786 2613 926 2702 έιιαρχον
946 2615 1002 2682 τάν
1023 2613 1222 2698 Μονομάχον
1251 2617 1380 2700 δαιτρο-

360 2783 399 2819 ιο.
419 2763 610 2822 διαλιίσεοδοιι
628 2769 656 2822 Ρ.

288 2900 444 2949 rumtamen
462 2910 553 2946 eoram
570 2893 741 2962 imperatrice
758 2893 939 2946 verecundius
962 2891 1203 2955 conviciabantur,
1228 2891 1303 2962 quod
1329 2891 1380 2942 iiia

287 2965 424 3016 sermonis
442 2963 607 3034 proterviam
626 2963 711 3015 ferret
727 2963 892 3032 aegerrime3
912 2963 959 3016 sed
981 2973 1086 3016 tantum
1107 2963 1278 3016 severissime
1296 2977 1379 3013 areu·

286 3032 388 3086 rabant
415 3035 619 3106 singutarirquo
644 3032 725 3084 ilium
748 3033 869 3102 stuporis
895 3043 923 3086 et
946 3036 1132 3102 perversitatis
1151 3030 1382 3096 condemnabant,

286 3101 364 3173 qnod
384 3107 500 3157 summis
520 3102 556 3154 ab
577 3106 742 3170 imperatore
761 3101 905 3156 demortuo
927 3101 1068 3156 beneficiis
1095 3112 1208 3156 ornatur
1233 3110 1263 3153 et
1286 3111 1382 3155 tanto·

286 3190 353 3242 pere
380 3172 517 3235 dilectur,
538 3191 573 3225 ex
590 3173 725 3225 diametro
748 3171 869 3241 ingratus
896 3181 925 3226 et
942 3191 1003 3243 erga
1022 3175 1081 3226 eius
1107 3173 1210 3226 liberos
1231 3173 1383 3225 malevolae

289 3243 446 3296 eastitiaset.
482 3245 573 3313 Atque
598 3243 642 3294 itti
661 3242 773 3314 quidem
800 3243 906 3313 linguas
934 3245 972 3295 ita
993 3243 1091 3296 tiberne
1110 3241 1268 3308 habebaut3
1284 3251 1312 3294 et
1329 3258 1380 3312 pa·

289 3313 422 3376 trinreha,
443 3315 533 3383 legum
554 3314 800 3366 ecclesiasticarum
817 3329 947 3375 securus,
967 3313 1054 3382 ipsum
1075 3315 1310 3376 eunomianum,
1329 3313 1379 3382 qui

287 3380 393 3434 betium
411 3385 524 3435 minime
545 3385 692 3446 excitarat,
718 3383 767 3436 red
784 3384 900 3435 multuru
918 3398 950 3434 ac
968 3399 1049 3454 saepe
1077 3394 1171 3454 pacem
1200 3386 1380 3451 expetiverat,

288 3452 458 3505 anstbernati
476 3469 539 3505 eum
555 3454 719 3525 sequacibus
738 3453 873 3516 subiecit,
891 3456 968 3524 quasi
989 3455 1018 3506 in
1046 3454 1245 3520 imperatricem
1273 3470 1301 3504 ae
1327 3467 1380 3502 ne«

289 3536 372 3644 paam
389 3525 590 3592 μεταλλάττει,
613 3541 674 3576 eum
693 3531 786 3577 tamen
804 3540 859 3576 non
877 3525 936 3594 ipse
963 3526 1051 3578 sotum
1077 3539 1186 3592 prorsus
1210 3523 1378 3574 contrarium

302 3600 409 3657 soeret,
433 3592 483 3648 aed
508 3601 535 3645 et
556 3607 618 3646 ruoa
647 3592 682 3645 sd
708 3594 782 3647 idem
808 3593 1003 3652 cohortaretur.
1040 3593 1097 3646 Nee
1114 3609 1178 3646 vero
1199 3593 1274 3646 ittam
1295 3593 1378 3644 drim-

288 3669 380 3726 taxat,
404 3664 428 3715 ai
457 3661 569 3732 quando
595 3665 655 3715 eiua
679 3670 739 3717 erat
755 3663 884 3716 habenda
901 3668 1026 3727 mentio,
1045 3663 1265 3734 perhonorifice,
1283 3675 1381 3714 verum

287 3732 358 3784 alios
377 3749 434 3784 non
451 3741 506 3784 tarn
523 3735 643 3804 propriis
664 3751 759 3786 eorum
777 3733 934 3788 nominibus
952 3733 1142 3804 appellitabat.
1154 3749 1233 3804 quarn
1253 3749 1268 3784 a
1287 3732 1379 3801 digni-

289 3801 410 3861 tatibus,
443 3819 512 3872 quas
542 3803 693 3873 gerebant,
718 3804 801 3857 modo
828 3804 862 3856 ab
881 3805 1038 3859 Andronico
1058 3807 1222 3874 imperatore
1240 3802 1306 3871 ipsis
1326 3802 1380 3854 tri·

286 3871 373 3925 butue
392 3883 498 3938 essent3
511 3890 573 3926 nam
593 3890 665 3943 quae
683 3883 778 3943 postea
797 3876 867 3926 facta
886 3882 972 3938 eraut,
994 3892 1088 3926 eorum
1106 3874 1251 3928 maximam
1271 3879 1380 3942 parteru

286 3961 343 3997 non
363 3942 507 4012 probabat
534 3946 646 3996 Etcum
665 3943 778 4014 quidam
797 3945 831 3997 de
849 3947 906 3996 suia
925 3959 1014 3997 coram
1033 3945 1094 4013 ipso
1112 3941 1377 4012 Apoeaneburn,eu-

285 4013 375 4066 bieuli
394 4015 464 4065 sacri
482 4013 699 4082 praefectum,et
718 4015 803 4066 alium
824 4015 960 4084 quendam
979 4015 1137 4081 Byzantinus
1157 4015 1231 4084 turpi
1250 4011 1380 4064 convicio

286 4085 462 4146 incessiraet,
483 4099 546 4135 eum
564 4086 704 4153 praecepit
719 4085 848 4154 vapulare
870 4082 1013 4154 dixitque,
1037 4082 1198 4137 mutieribur
1222 4083 1379 4134 meretrici-³

285 4151 338 4205 bur
356 4153 498 4205 levitatem
517 4152 709 4205 huiuscemodi
727 4155 891 4216 convenire,
909 4157 979 4206 viror
1017 4170 1115 4220 riguam
1135 4153 1240 4209 decere.

357 4225 400 4276 δι.
438 4224 568 4289 Ceterum
585 4223 621 4276 ad
641 4224 800 4280 ‘ibeautiae
821 4231 973 4294 praetorem
992 4169 1200 4276 bionouachern
1226 4229 1255 4276 et
1278 4229 1381 4291 protae·
