3125 4900
329 346 411 403 210
705 332 987 401 mmtcuztttl

179 508 240 561 tc.
255 507 390 578 ιολιτιον
423 488 581 576 άφίκοντο.
630 489 771 570 βασιλίδι
803 508 837 549 τι
864 477 1099 565 συγγενόμενοι,
1129 472 1185 540 καί
1210 469 1409 557 πατριάρχου

325 597 380 659 καί
391 595 454 657 νῦν
467 594 541 675 περὶ
551 582 648 652 αῦτόν
662 586 849 667 συνωμοτῶν
862 578 1035 665 παρόντων,
1055 574 1183 662 ,,ήμεΐς”
1195 572 1319 662 ἔφασαν
1331 569 1412 655 ,τήν

325 691 548 773 κατασχοῦσαν
563 687 741 767 Ῥωμαίους
761 682 892 769 όριῦντες
912 674 1099 764 συμφοράν,
1122 672 1209 740 δεινά
1230 676 1289 754 μὲν
1309 670 1412 759 ηδόμε-

326 796 371 855 θα
399 787 439 853 τά
460 783 655 870 πραττόμενα
682 784 738 847 καί
769 780 985 867 πὲραδεινοῦν.
1028 776 1120 840 οῦδὲν
1148 774 1183 838 δὲ
1206 776 1299 836 πλέον
1331 766 1413 852 πρός

327 890 511 971 ἐπικουρίαν
538 883 593 948 καί
617 878 800 964 άποτρσπήν
827 882 891 943 ταῖν
913 878 1023 940 δεινῶν
1046 872 1214 953 δυνάμενοι
1235 864 1435 951 capsidile-5

328 994 418 1069 σθαι,
438 990 500 1050 νῦν
520 976 623 1047 ἄλλων
644 976 873 1064 ἀμελήσαντες,
894 977 973 1058 ὑπὲρ
997 977 1061 1039 νῦν
1082 973 1168 1061 κοινῇ
1188 966 1415 1055 συμφερόντων

297 1083 484 1169 δίδεόμεθα
505 1086 600 1161 θεοῦ,
624 1081 680 1143 τοῦ
698 1074 796 1160 μόνου
819 1078 935 1159 στῆσαι
962 1072 1139 1153 δυναμένου
1160 1067 1215 1145 τάς
1234 1068 1415 1155 προσδοκω-

326 1189 424 1268 μένας
451 1179 631 1266 συμφοράς.
673 1178 743 1241 νυνί
763 1178 800 1239 δὲ
823 1174 859 1239 τό
882 1168 1041 1256 διεστηκός
1062 1174 1125 1234 τῶν
1142 1168 1306 1247 Ῥωμαίων
1328 1162 1415 1230 ἰδόν·

328 1308 379 1359 τις
396 1286 492 1364 μέρος
513 1275 657 1360 άομὲνως
676 1278 805 1359 χωροῦν
824 1270 903 1358 πρός
923 1270 981 1357 τήν
1002 1269 1127 1357 εἰρήνην
1147 1268 1203 1333 καί
1218 1264 1355 1349 μάλιστα
1380 1261 1415 1328 ό-

329 1406 389 1465 περ
410 1377 539 1464 δόκησιν
559 1384 693 1462 παρεῖχε
714 1373 771 1459 τήν
793 1374 898 1438 αἰτίαν
920 1374 1143 1456 παρασχέσθαι
1165 1369 1220 1453 τής
1240 1368 1458 1452 διαφοράς,το

330 1484 387 1547 καί
396 1485 467 1568 θεῷ
486 1482 529 1567 τρῦ
545 1482 601 1561 τῆς
623 1472 748 1561 εἰρήνης
758 1476 884 1560 χορηγοῦ
898 1469 1015 1546 πολλάς
1024 1468 1161 1555 χάριτας
1172 1468 1419 1553 ὁμολογήσαντες

331 1580 386 1646 καί
398 1582 498 1664 γήρας
511 1582 565 1642 καί
576 1571 758 1659 σωματικήν
771 1576 938 1639 α’σθένειαν
952 1568 1007 1636 καί
1018 1569 1091 1646 τοῦς
1100 1568 1176 1655 πρός
1186 1567 1243 1654 τήν
1259 1565 1420 1649 ὁδοιπορί-

332 1704 373 1745 αν
391 1677 509 1753 πόνους
525 1678 719 1762 παριδόντες,
741 1667 856 1758 ήκομεν
877 1670 1059 1757 δεησόμενοι
1080 1674 1135 1735 καί
1153 1668 1256 1751 ῦμῦν,
1266 1669 1419 1750 δέχεσθαι

330 1776 387 1863 τήν
406 1774 532 1862 εἰρήνην
563 1777 618 1839 καί
643 1773 687 1859 μή
710 1771 763 1837 διά
789 1770 982 1857 φιλονεικίαν
1001 1768 1059 1854 τήν
1074 1768 1238 1851 Ῥωμαίων
1252 1766 1421 1853 ήγεμονιάν

331 1878 388 1943 νῦν
406 1899 441 1939 τε
463 1875 735 1958 διαφθειρομένην
753 1870 904 1956 περιορρῖν
917 1871 972 1933 καί
991 1864 1037 1932 ἔτι
1060 1866 1221 1951 δεινότερα
1241 1864 1462 1949 προσδοκω-ιδ

332 1978 431 2059 μένην
456 1966 611 2053 πάσχειν,
643 1964 684 2032 άν
710 1966 755 2052 μή
777 1971 900 2049 ταχέως
924 1965 941 2030 ό
963 1962 1098 2048 πόλεμος
1119 1969 1290 2053 καταλυθῇ.
1331 1960 1419 2029 ἔλεον

334 2067 393 2137 οῦν
420 2070 477 2135 καί
503 2068 597 2133 αότοί
624 2061 773 2148 λαβόντες
801 2069 864 2131 τοῖν
897 2066 1052 2154 ὁσημέραι
1080 2068 1238 2149 χεομόνωι
1271 2060 1420 2145 αἱμάτων

335 2170 391 2235 καί
409 2173 471 2234 τῶν
491 2168 716 2251 δεσμωτηρίοις
736 2170 951 2249 κατεχομένων
971 2168 1027 2229 καί
1044 2168 1107 2229 τῶν
1125 2164 1340 2244 ἐλαυνομένων
1366 2163 1424 2225 καί

303 2268 490 2353 ῦάνήκεστα
516 2263 703 2347 πασχόντων
731 2264 928 2349 άνθροίιιων,
954 2266 1116 2351 κυρώσατε
1142 2261 1200 2348 τήν
1221 2259 1346 2345 εἰρήνην
1366 2258 1424 2325 καί

334 2369 399 2433 τῶν
418 2369 541 2431 πολλῶν
572 2366 629 2427 καί
656 2367 805 2447 χαλεπῶν
832 2361 983 2429 κινδύνων
1014 2360 1212 2441 άπαλλάξατε
1228 2362 1464 2442 Ῥωμαίους,το

337 2466 382 2544 σός
413 2461 452 2535 όν
477 2463 552 2544 θεός
581 2489 615 2530 τε
643 2461 659 2531 ό
687 2469 743 2549 τῆς
764 2463 886 2549 εἰρήνης
905 2463 1041 2548 χορηγός
1061 2467 1203 2551 δοξασθῇ
1223 2466 1279 2528 κατ’
1296 2463 1424 2542 βασιλίς

335 2593 370 2634 τε
398 2570 452 2632 καί
477 2563 674 2649 πατριάρχης
703 2562 758 2628 καί
781 2561 874 2644 όμεῖς
895 2559 913 2650 ἦ
934 2565 1102 2648 σύγκλητος
1130 2560 1168 2625 οῦ
1190 2561 1277 2645 παρά
1300 2559 1425 2624 πάντων

336 2665 433 2751 μόνον
449 2666 634 2745 Ῥωμαίων,
670 2662 750 2727 ditat
774 2663 830 2726 καί
849 2663 938 2746 ήμιόν
964 2665 1028 2728 ταῖν
1046 2664 1201 2726 ταπεινιῦν
1223 2660 1312 2738 α’ξιάς
1334 2661 1424 2741 κομί-

339 2767 437 2850 ζησθε
465 2762 669 2846 εάχαριοτιας
687 2764 745 2844 τῆς
765 2763 948 2847 προθυμίας
966 2763 1023 2845 τῆς
1042 2763 1116 2846 περιἱ
1133 2757 1172 2825 τά
1196 2756 1275 2824 καλά
1294 2757 1351 2824 καί
1366 2760 1425 2842 τῆς

339 3005 476 3070 triarcha,
505 3004 655 3059 coniuratis
682 3005 747 3056 item
777 3005 967 3074 praesentibus
990 3007 1143 3076 congressi,
1174 3008 1212 3060 ita
1239 3005 1325 3059 locuti
1350 3011 1426 3057 saint.

339 3081 410 3132 Cum
431 3091 599 3128 cerneremus
620 3074 820 3139 calamitatem,
844 3091 915 3146 quae
940 3077 1071 3130 Romanos
1096 3079 1251 3147 oppressit,
1279 3076 1330 3128 etsi
1350 3072 1429 3145 quosl

343 3149 472 3218 agebatur
492 3144 635 3199 infandum
654 3145 819 3213 apparebat,
849 3153 941 3198 tamen
960 3147 1025 3216 quia
1048 3147 1084 3199 ad
1102 3157 1202 3202 tantam
1221 3151 1273 3200 vim
1293 3147 1356 3198 maii
1376 3143 1427 3196 de-

341 3218 497 3290 pellendam
515 3215 589 3268 nibil
606 3216 704 3268 auxilii
721 3219 816 3267 afferre
832 3225 1005 3284 poteramus,
1026 3218 1140 3290 reliquis
1158 3219 1339 3289 posthabitis,
1358 3217 1430 3276 Deo,

343 3290 391 3360 qui
410 3290 483 3340 solus
501 3287 690 3354 impendentes
707 3301 850 3338 aerumnas
869 3295 952 3357 atque
971 3288 1093 3341 miserias
1117 3304 1293 3343 averruncare
1318 3293 1430 3356 potest,

343 3374 513 3411 communem
545 3359 659 3408 salutem
686 3357 960 3427 incolumitatemque
994 3359 1130 3429 supplices
1165 3359 1430 3412 commendabamus.

342 3429 423 3482 Nunc
440 3429 505 3498 quia
524 3429 715 3496 cognovimus,
741 3436 905 3496 segregatam
930 3430 1109 3480 Romanorum
1126 3439 1248 3499 partem,
1276 3445 1346 3502 quae
1365 3427 1432 3496 opi-

342 3502 455 3550 nionem
479 3496 629 3565 praebebat
653 3497 769 3548 maxime
791 3498 894 3568 incepti
916 3496 999 3551 buius
1018 3497 1143 3563 dissidii,
1167 3502 1240 3571 pacis
1265 3517 1324 3552 ease
1350 3497 1433 3568 cupi-

344 3567 425 3631 dam,
443 3569 502 3617 Deo
520 3568 594 3634 pacis
613 3568 733 3635 largitori
752 3567 919 3620 immortales
937 3572 1035 3638 gratias
1054 3571 1173 3640 egimus,
1201 3571 1332 3642 nullaque
1351 3583 1434 3620 sene·

345 3643 429 3688 ctutis
447 3645 477 3689 et
491 3633 690 3689 imbecillitatis
708 3653 740 3687 ac
762 3639 887 3690 laborum
907 3640 1015 3691 itineris
1033 3641 1138 3692 ratione
1156 3640 1254 3704 ducta,
1273 3651 1301 3694 et
1319 3653 1366 3692 vos
1385 3655 1433 3690 ro-

347 3708 436 3777 gaturi
455 3705 630 3767 advenimus,
648 3714 679 3757 ut
693 3723 787 3776 pacem
800 3709 1035 3776 complectaminir
1052 3725 1088 3761 ne
1108 3709 1145 3764 ob
1163 3711 1312 3765 discordias
1329 3718 1433 3762 vestras

348 3787 379 3830 et
396 3792 470 3828 nunc
486 3777 622 3828 laceretur
635 3777 783 3828 Romanum
801 3779 945 3846 imperium
960 3785 989 3830 et
1005 3780 1058 3831 nisi
1073 3781 1162 3849 primo
1181 3799 1292 3854 quoque
1307 3789 1434 3850 tempore

349 3847 455 3900 belluna
473 3843 647 3910 inhibeatur,
671 3851 805 3900 atrociora
828 3847 963 3904 formidet
1000 3851 1183 3920 Quamobrem
1209 3860 1238 3904 et
1259 3867 1316 3915 voa,
1331 3850 1379 3920 qui
1402 3849 1435 3899 ln

350 3916 411 3998 dies
428 3916 554 3969 funditur
566 3919 724 3983 sanguinem
747 3927 776 3970 et
795 3920 824 3968 in
842 3935 975 3972 carcerem
997 3929 1151 3991 compactos
1166 3930 1250 3994 atque
1268 3923 1297 3974 iu
1318 3921 1436 3974 exilium

349 3995 486 4110 protectos
520 3995 550 4039 et
567 3989 723 4039 saevissime
740 3989 880 4040 afflictatus
897 3991 1037 4052 miserati,
1064 4007 1157 4058 pacem
1178 4003 1262 4046 ratam
1287 3989 1435 4050 conficite,

372 4072 541 4125 omauosque
565 4058 659 4108 multis
678 4074 710 4108 ac
727 4059 853 4110 nefandis
875 4059 997 4112 cladibus
1015 4062 1141 4124 eximite,
1167 4070 1198 4115 ut
1218 4071 1247 4116 et
1265 4065 1341 4118 Deus
1358 4061 1436 4129 pacis

350 4127 468 4181 donator
485 4125 652 4189 celebratur,
676 4137 705 4180 et
722 4127 879 4196 imperatrix
897 4144 929 4182 ac
946 4131 1099 4198 patriarcba
1117 4142 1146 4186 et
1163 4149 1211 4185 voa
1229 4143 1359 4194 senatur,
1380 4147 1438 4182 nou

351 4215 369 4248 a
387 4197 609 4277 ilomanis'modo
630 4200 747 4267 passim,
770 4199 819 4250 sed
838 4199 918 4251 otiam
939 4199 1050 4254 anobis
1066 4201 1235 4267 humilibus,
1264 4211 1378 4275 propter
1395 4201 1438 4252 la·

352 4267 486 4324 eilitatsm
509 4282 541 4322 tu
563 4268 646 4322 rebus
669 4268 793 4325 honestis
820 4279 848 4322 et
879 4269 1091 4328 sollicitudinem
1116 4273 1259 4329 bominum
1286 4271 1441 4331 insontium
