3125 4900
568 319 894 388 unlnnonmno.
1221 326 1280 388 vll

193 497 274 602 ipsa
308 493 615 572 desideratissimi
653 497 727 572 riri
762 496 1025 573 recordatione
1064 491 1278 572 remedium
1385 490 1389 494 ’

193 610 353 714 aliquod
370 628 410 687 et
423 612 596 687 levamen
618 613 804 718 positum,
828 613 981 716 longius
1004 611 1133 717 abripi
1158 629 1278 715 atque

193 734 329 820 abeo,
350 731 458 838 quod
484 731 577 808 huic
600 735 790 811 volumini
815 735 980 840 praefari
1007 734 1178 826 institui,
1212 733 1280 812 ab·

192 881 331 932 errare.
387 858 538 955 Quare,
571 876 617 933 ut
647 857 699 934 ad
727 860 967 964 propositum
1005 885 1066 934 me
1097 858 1279 952 referam,

165 975 448 1054 indicandum
477 997 548 1068 est,
580 977 749 1056 eiusdem
775 979 980 1055 Niebubcii
1020 981 1205 1058 beneficio
1239 1000 1279 1058 et

194 1099 434 1192 incredibili,
450 1127 531 1204 quo
556 1103 671 1179 totius
687 1103 887 1208 byzantini
908 1101 1034 1208 operis
1049 1121 1089 1178 et
1112 1103 1278 1184 utilitati

194 1243 232 1300 et
244 1223 372 1300 decori
391 1226 602 1331 prospexit,
614 1225 742 1304 studio
759 1227 943 1322 effectum
957 1226 1000 1301 id
1017 1254 1175 1331 quoque
1192 1253 1280 1319 esse,
1312 1282 1315 1288 n

194 1367 257 1439 ut,
278 1375 368 1424 cum
397 1368 509 1436 antea
540 1331 793 1428 Cantacuzeni
824 1361 947 1432 textus
969 1354 1087 1430 unius
1124 1370 1280 1430 tantum

192 1474 353 1549 Parisini
370 1473 511 1552 codicis
529 1477 757 1554 auctoritate
780 1477 986 1569 niteretur,
1014 1505 1158 1554 novum
1175 1475 1278 1564 iam,

192 1594 311 1699 idque
335 1596 444 1672 valde
469 1625 492 1677 a
516 1599 646 1690 nobis,
670 1627 760 1676 cum
784 1601 959 1707 primum
989 1604 1170 1677 volumen
1192 1597 1280 1674 edc-

191 1719 345 1810 bamus,
371 1723 600 1828 expetitum,
636 1721 692 1798 rei
725 1723 881 1801 criticae
917 1723 1152 1829 praesidium
1188 1749 1279 1829 sup-

191 1861 350 1948 peteret,
367 1842 477 1918 cuius
487 1869 559 1949 ope
573 1839 791 1920 emendatio
805 1843 924 1918 buius
936 1843 1131 1950 scriptoris
1144 1847 1278 1952 paullo
1410 1901 1415 1916 .

190 1965 330 2042 certius
362 1965 514 2042 institui
551 1985 683 2072 posset.
744 1969 1002 2070 Cognoveram
1033 1969 1222 2046 nimirum
1255 1995 1278 2044 e

186 2115 349 2172 ,censura
370 2090 464 2166 tomi
480 2089 613 2196 primi,
639 2119 662 2168 a
687 2093 888 2200 Spengelio
910 2095 958 2166 -V.
980 2092 1027 2166 D.
1044 2091 1088 2168 in
1103 2091 1278 2170 Seebodii

192 2213 288 2288 Bibl.
304 2212 400 2290 Cric
417 2239 448 2289 a.
473 2218 576 2314 ¹3⁹9·
593 2241 701 2292 num.
720 2220 869 2319 87.sqq.
894 2214 1012 2308 iacta,
1031 2216 1209 2292 asservari
1233 2215 1278 2294 in

189 2336 407 2414 Monacensi
433 2337 667 2416 bibliotheca
692 2339 861 2418 codicem
895 2340 1010 2416 illum
1039 2340 1280 2430 Bavaricum,

190 2462 295 2538 unde
319 2466 850 2541 Pontanue'Cantacuzenum
873 2464 1024 2569 aliquot
1048 2464 1160 2540 annis
1189 2482 1280 2541 ante

191 2589 311 2666 latine
334 2585 475 2675 edidit,
501 2616 620 2693 quam
640 2613 772 2691 graeca
795 2578 1008 2664 eParisino
1035 2585 1167 2663 codice
1190 2615 1279 2693 pro-

191 2710 330 2790 dirent·
374 2698 557 2817 'Cumque
581 2712 756 2788 lectionis
778 2711 1005 2817 specimina,
1033 2708 1125 2786 inde
1149 2728 1279 2786 enota-

193 2856 249 2928 ta,
274 2840 364 2917 satia
378 2835 641 2927 ostenderent,
660 2862 740 2911 non
757 2834 939 2911 inutilem
957 2834 1040 2911 eius
1054 2831 1278 2911 conferendi

192 2962 359 3039 laborem
375 2961 478 3047 lore,
503 2960 615 3036 facile
629 2958 902 3035 Niebubriusa
919 2959 1151 3035 liberalitate
1166 2957 1279 3033 Lich-

173 3085 421 3183 ,3entbaleri,
466 3084 540 3160 viri
576 3082 866 3173 humanissimi,
908 3084 979 3185 qui
1021 3079 1279 3158 bibliothecae

189 3210 408 3286 Monacensi
431 3224 599 3315 praeest,
627 3205 863 3311 impetravit,
885 3222 932 3281 ut
958 3205 1059 3279 liber
1082 3202 1161 3278 huo
1189 3202 1278 3279 mit·
1338 3200 1349 3218 ⁸

193 3350 346 3411 teretur.
396 3336 464 3411 Est
486 3352 616 3409 antem
643 3331 760 3409 codex
791 3330 932 3407 saeculi
963 3330 1084 3419 XVI.,
1118 3324 1277 3403 charm-

190 3480 295 3545 ceus,
312 3454 436 3531 forma
453 3454 636 3545 maxima,
652 3452 754 3531 foliis
774 3455 857 3528 606.
877 3469 1070 3543 constans,
1084 3451 1276 3555 scriptura

193 3575 431 3653 nitidissima.
479 3581 527 3655 In
550 3576 722 3680 margine
746 3572 902 3651 exhibet
924 3574 1136 3651 lectionum
1156 3574 1277 3649 verie-

192 3718 309 3777 tatem
333 3702 422 3779 satis
448 3703 638 3808 amplam,
665 3700 775 3777 cuius
800 3702 913 3806 longe
932 3698 1097 3774 maxima
1117 3724 1213 3804 para⁸
1227 3724 1275 3773 ex
1368 3777 1378 3807 δ

189 3824 320 3902 codiee
347 3828 552 3903 vetustiore
591 3823 818 3931 deprompta
849 3843 932 3917 est3
964 3819 1154 3927 quaedam
1192 3847 1276 3897 cor-

189 3949 348 4027 rectoria
380 3949 534 4054 ingenio
567 3947 768 4025 debentur.
818 3945 1117 4049 Diligentissima
1152 3945 1275 4047 igitur

189 4070 297 4149 bunc
323 4071 491 4171 librum,
515 4099 633 4179 quern
647 4076 914 4150 Monacensem
930 4068 1080 4153 rocavi,
1097 4095 1187 4143 cum
1205 4072 1274 4143 Pn-
1338 4160 1342 4166 Ι

192 4198 307 4277 risina
339 4196 509 4279 editione
536 4196 707 4294 contuli3
739 4196 809 4301 qui
837 4214 1030 4301 quantum
1061 4191 1159 4273 mihi
1184 4216 1272 4298 pro·
