<?xml version="1.0" encoding="UTF-8"?>
<!DOCTYPE html PUBLIC "-//W3C//DTD XHTML 1.0 Transitional//EN"
    "http://www.w3.org/TR/xhtml1/DTD/xhtml1-transitional.dtd">
<html xmlns="http://www.w3.org/1999/xhtml" xml:lang="en" lang="en">
 <head>
  <title>
</title>
<meta http-equiv="Content-Type" content="text/html;charset=utf-8" />
  <meta name='ocr-system' content='tesseract 3.04.00' />
  <meta name='ocr-capabilities' content='ocr_page ocr_carea ocr_par ocr_line ocrx_word'/>
</head>
<body>
  <div class='ocr_page' id='page_1' title='image "./corpusscriptoru67theogoog/corpusscriptoru67theogoog_0557.png"; bbox 0 0 3125 4900; ppageno 0'>
   <div class='ocr_carea' id='block_1_1' title="bbox 474 240 1247 349">
    <p class='ocr_par' dir='ltr' id='par_1_1' title="bbox 474 240 1247 349">
     <span class='ocr_line' id='line_1_1' title="bbox 474 240 1247 349; baseline -0.019 -5"><span class='ocrx_word' id='word_1_1' title='bbox 474 271 761 344; x_wconf 78' lang='grc' dir='ltr'><strong><em>ιιιειοιιιιιοιι</em></strong></span> <span class='ocrx_word' id='word_1_2' title='bbox 796 276 852 339; x_wconf 86' lang='grc' dir='ltr'><strong><em>ιιι.</em></strong></span> <span class='ocrx_word' id='word_1_3' title='bbox 874 278 928 347; x_wconf 74' lang='lat'><strong>38.</strong></span> <span class='ocrx_word' id='word_1_4' title='bbox 1040 331 1043 339; x_wconf 83' lang='grc'><strong><em>,</em></strong></span> <span class='ocrx_word' id='word_1_5' title='bbox 1162 240 1247 349; x_wconf 71' lang='grc'><strong>543</strong></span> 
     </span>
    </p>
   </div>
   <div class='ocr_carea' id='block_1_2' title="bbox 100 418 1399 2719">
    <p class='ocr_par' dir='ltr' id='par_1_2' title="bbox 100 418 1399 2719">
     <span class='ocr_line' id='line_1_2' title="bbox 156 418 1399 517; baseline -0.006 -22"><span class='ocrx_word' id='word_1_6' title='bbox 156 428 253 497; x_wconf 65' lang='lat' dir='ltr'><strong>aitte</strong></span> <span class='ocrx_word' id='word_1_7' title='bbox 277 418 376 495; x_wconf 73' lang='grc' dir='ltr'><strong><em>ἐποίει</em></strong></span> <span class='ocrx_word' id='word_1_8' title='bbox 383 476 394 511; x_wconf 89' lang='grc'><strong><em>,</em></strong></span> <span class='ocrx_word' id='word_1_9' title='bbox 413 428 449 493; x_wconf 85' lang='grc' dir='ltr'><strong><em>τό</em></strong></span> <span class='ocrx_word' id='word_1_10' title='bbox 472 436 600 516; x_wconf 78' lang='grc' dir='ltr'><strong><em>φρονεῖν</em></strong></span> <span class='ocrx_word' id='word_1_11' title='bbox 621 426 683 494; x_wconf 80' lang='lat' dir='ltr'><strong>siud</strong></span> <span class='ocrx_word' id='word_1_12' title='bbox 706 429 785 494; x_wconf 77' lang='grc' dir='ltr'><strong><em>θεοῦ</em></strong></span> <span class='ocrx_word' id='word_1_13' title='bbox 791 477 802 509; x_wconf 95' lang='grc'><strong><em>,</em></strong></span> <span class='ocrx_word' id='word_1_14' title='bbox 835 428 878 505; x_wconf 76' lang='grc' dir='ltr'><strong>ὥς</strong></span> <span class='ocrx_word' id='word_1_15' title='bbox 898 428 981 495; x_wconf 79' lang='grc' dir='ltr'><strong><em>ἔοικε</em></strong></span> <span class='ocrx_word' id='word_1_16' title='bbox 993 478 1003 511; x_wconf 93' lang='grc'><strong><em>,</em></strong></span> <span class='ocrx_word' id='word_1_17' title='bbox 1026 426 1399 517; x_wconf 70' lang='grc' dir='ltr'><strong><em>παρῃρημένοςᾸ·0·13ό5</em></strong></span> 
     </span>
     <span class='ocr_line' id='line_1_3' title="bbox 157 526 1253 616; baseline -0.007 -18"><span class='ocrx_word' id='word_1_18' title='bbox 157 535 214 598; x_wconf 80' lang='grc' dir='ltr'><strong>καί</strong></span> <span class='ocrx_word' id='word_1_19' title='bbox 231 530 490 616; x_wconf 76' lang='grc' dir='ltr'><strong><em>ἐγκαταλειφθείς</em></strong></span> <span class='ocrx_word' id='word_1_20' title='bbox 507 526 588 615; x_wconf 79' lang='grc' dir='ltr'><strong><em>πρός</em></strong></span> <span class='ocrx_word' id='word_1_21' title='bbox 609 526 645 594; x_wconf 90' lang='grc' dir='ltr'><strong><em>τό</em></strong></span> <span class='ocrx_word' id='word_1_22' title='bbox 666 528 849 595; x_wconf 71' lang='grc' dir='ltr'><strong><em>ἀποθανεῖν.</em></strong></span> <span class='ocrx_word' id='word_1_23' title='bbox 879 528 963 596; x_wconf 70' lang='lat' dir='ltr'><strong>dett</strong></span> <span class='ocrx_word' id='word_1_24' title='bbox 984 530 1018 595; x_wconf 77' lang='grc' dir='ltr'><strong><em>οἳ</em></strong></span> <span class='ocrx_word' id='word_1_25' title='bbox 1033 551 1069 594; x_wconf 86' lang='grc' dir='ltr'><strong>τε</strong></span> <span class='ocrx_word' id='word_1_26' title='bbox 1089 528 1253 610; x_wconf 74' lang='grc' dir='ltr'><strong>δεσμῶται</strong></span> 
     </span>
     <span class='ocr_line' id='line_1_4' title="bbox 157 625 1350 716; baseline -0.005 -20"><span class='ocrx_word' id='word_1_27' title='bbox 157 630 455 710; x_wconf 48' lang='grc' dir='ltr'><strong><em>διεσκεδασμένοιμ</em></strong></span> <span class='ocrx_word' id='word_1_28' title='bbox 471 626 644 716; x_wconf 77' lang='grc' dir='ltr'><strong><em>περιῄεσαν</em></strong></span> <span class='ocrx_word' id='word_1_29' title='bbox 664 632 731 694; x_wconf 73' lang='grc' dir='ltr'><strong><em>τοῖν</em></strong></span> <span class='ocrx_word' id='word_1_30' title='bbox 759 634 932 711; x_wconf 80' lang='grc' dir='ltr'><strong><em>βασιλείων</em></strong></span> <span class='ocrx_word' id='word_1_31' title='bbox 958 627 1017 713; x_wconf 81' lang='grc' dir='ltr'><strong><em>’τήν</em></strong></span> <span class='ocrx_word' id='word_1_32' title='bbox 1047 625 1153 715; x_wconf 81' lang='grc' dir='ltr'><strong><em>ου’λήν</em></strong></span> <span class='ocrx_word' id='word_1_33' title='bbox 1164 678 1175 711; x_wconf 86' lang='grc'><strong><em>,</em></strong></span> <span class='ocrx_word' id='word_1_34' title='bbox 1196 628 1252 691; x_wconf 83' lang='grc' dir='ltr'><strong>καί</strong></span> <span class='ocrx_word' id='word_1_35' title='bbox 1259 632 1350 695; x_wconf 57' lang='lat' dir='ltr'><strong>vtes</strong></span> 
     </span>
     <span class='ocr_line' id='line_1_5' title="bbox 156 724 1277 815; baseline -0.003 -22"><span class='ocrx_word' id='word_1_36' title='bbox 156 727 256 805; x_wconf 83' lang='grc' dir='ltr'><strong><em>αότός</em></strong></span> <span class='ocrx_word' id='word_1_37' title='bbox 279 724 337 812; x_wconf 92' lang='grc' dir='ltr'><strong>τήν</strong></span> <span class='ocrx_word' id='word_1_38' title='bbox 367 730 441 813; x_wconf 78' lang='grc' dir='ltr'><strong><em>περὶ</em></strong></span> <span class='ocrx_word' id='word_1_39' title='bbox 470 726 570 794; x_wconf 76' lang='grc' dir='ltr'><strong><em>ου’τόν</em></strong></span> <span class='ocrx_word' id='word_1_40' title='bbox 601 730 801 815; x_wconf 73' lang='grc' dir='ltr'><strong><em>δορυφορίαν</em></strong></span> <span class='ocrx_word' id='word_1_41' title='bbox 831 726 892 807; x_wconf 74' lang='grc' dir='ltr'><strong>ἔξω</strong></span> <span class='ocrx_word' id='word_1_42' title='bbox 923 728 1128 811; x_wconf 75' lang='grc' dir='ltr'><strong><em>καταλιπών,</em></strong></span> <span class='ocrx_word' id='word_1_43' title='bbox 1151 726 1277 815; x_wconf 66' lang='grc' dir='ltr'><strong><em>εἶσήειῃ</em></strong></span> 
     </span>
     <span class='ocr_line' id='line_1_6' title="bbox 131 822 1251 911; baseline 0.001 -18"><span class='ocrx_word' id='word_1_44' title='bbox 131 825 226 905; x_wconf 64' lang='lat' dir='ltr'><strong>{riade</strong></span> <span class='ocrx_word' id='word_1_45' title='bbox 252 830 473 910; x_wconf 81' lang='grc' dir='ltr'><strong><em>παρεπομένου</em></strong></span> <span class='ocrx_word' id='word_1_46' title='bbox 501 826 611 909; x_wconf 88' lang='grc' dir='ltr'><strong><em>μόνου.</em></strong></span> <span class='ocrx_word' id='word_1_47' title='bbox 662 827 692 893; x_wconf 84' lang='grc' dir='ltr'><strong><em>οἱ</em></strong></span> <span class='ocrx_word' id='word_1_48' title='bbox 718 830 945 911; x_wconf 75' lang='grc' dir='ltr'><strong><em>δεσμῶταιδδ</em></strong></span> <span class='ocrx_word' id='word_1_49' title='bbox 974 824 1125 906; x_wconf 68' lang='lat' dir='ltr'><strong>ciceides</strong></span> <span class='ocrx_word' id='word_1_50' title='bbox 1152 822 1251 907; x_wconf 82' lang='grc' dir='ltr'><strong><em>οότως</em></strong></span> 
     </span>
     <span class='ocr_line' id='line_1_7' title="bbox 155 921 1251 1014; baseline -0.002 -21"><span class='ocrx_word' id='word_1_51' title='bbox 155 926 344 1013; x_wconf 81' lang='grc' dir='ltr'><strong><em>οἶιρόλακτον</em></strong></span> <span class='ocrx_word' id='word_1_52' title='bbox 365 926 524 1006; x_wconf 78' lang='grc' dir='ltr'><strong><em>εἰσιόντα,</em></strong></span> <span class='ocrx_word' id='word_1_53' title='bbox 546 926 659 1014; x_wconf 89' lang='grc' dir='ltr'><strong><em>καιρόν</em></strong></span> <span class='ocrx_word' id='word_1_54' title='bbox 678 929 853 1003; x_wconf 79' lang='grc' dir='ltr'><strong><em>ἐπιθέσεως</em></strong></span> <span class='ocrx_word' id='word_1_55' title='bbox 874 931 1076 1011; x_wconf 71' lang='grc' dir='ltr'><strong><em>νομίσαντες,</em></strong></span> <span class='ocrx_word' id='word_1_56' title='bbox 1098 921 1251 1012; x_wconf 73' lang='grc' dir='ltr'><strong><em>ὥρμησαν</em></strong></span> 
     </span>
     <span class='ocr_line' id='line_1_8' title="bbox 154 1018 1251 1114; baseline 0.001 -20"><span class='ocrx_word' id='word_1_57' title='bbox 154 1030 208 1094; x_wconf 75' lang='grc' dir='ltr'><strong>ἐπ’</strong></span> <span class='ocrx_word' id='word_1_58' title='bbox 223 1026 340 1106; x_wconf 84' lang='grc' dir='ltr'><strong><em>αδτόν,</em></strong></span> <span class='ocrx_word' id='word_1_59' title='bbox 369 1027 469 1111; x_wconf 72' lang='grc' dir='ltr'><strong><em>ὀλίγοι</em></strong></span> <span class='ocrx_word' id='word_1_60' title='bbox 493 1028 576 1103; x_wconf 82' lang='grc' dir='ltr'><strong><em>τινὲς</em></strong></span> <span class='ocrx_word' id='word_1_61' title='bbox 596 1030 722 1113; x_wconf 74' lang='grc' dir='ltr'><strong><em>πρῶτον</em></strong></span> <span class='ocrx_word' id='word_1_62' title='bbox 729 1078 739 1109; x_wconf 93' lang='grc'><strong><em>,</em></strong></span> <span class='ocrx_word' id='word_1_63' title='bbox 772 1028 807 1093; x_wconf 83' lang='lat' dir='ltr'><strong>ot</strong></span> <span class='ocrx_word' id='word_1_64' title='bbox 826 1024 942 1111; x_wconf 82' lang='grc' dir='ltr'><strong><em>ἔτυχον</em></strong></span> <span class='ocrx_word' id='word_1_65' title='bbox 971 1018 1057 1104; x_wconf 71' lang='grc' dir='ltr'><strong><em>ὄντες</em></strong></span> <span class='ocrx_word' id='word_1_66' title='bbox 1078 1028 1112 1093; x_wconf 74' lang='grc' dir='ltr'><strong>ἐν</strong></span> <span class='ocrx_word' id='word_1_67' title='bbox 1132 1028 1251 1114; x_wconf 57' lang='lat' dir='ltr'><strong>eadred·</strong></span> 
     </span>
     <span class='ocr_line' id='line_1_9' title="bbox 152 1120 1252 1214; baseline -0.002 -20"><span class='ocrx_word' id='word_1_68' title='bbox 152 1124 193 1194; x_wconf 72' lang='grc' dir='ltr'><strong>ἓν</strong></span> <span class='ocrx_word' id='word_1_69' title='bbox 213 1122 261 1205; x_wconf 77' lang='grc' dir='ltr'><strong>σός</strong></span> <span class='ocrx_word' id='word_1_70' title='bbox 284 1122 376 1192; x_wconf 81' lang='grc' dir='ltr'><strong><em>καδό</em></strong></span> <span class='ocrx_word' id='word_1_71' title='bbox 401 1123 535 1209; x_wconf 71' lang='grc' dir='ltr'><strong><em>ἀνεψιός</em></strong></span> <span class='ocrx_word' id='word_1_72' title='bbox 554 1120 595 1211; x_wconf 84' lang='grc' dir='ltr'><strong>ήν</strong></span> <span class='ocrx_word' id='word_1_73' title='bbox 617 1127 704 1214; x_wconf 71' lang='grc' dir='ltr'><strong><em>αὐτῷ</em></strong></span> <span class='ocrx_word' id='word_1_74' title='bbox 721 1126 863 1206; x_wconf 52' lang='lat' dir='ltr'><strong>atteror</strong></span> <span class='ocrx_word' id='word_1_75' title='bbox 883 1122 899 1192; x_wconf 87' lang='grc' dir='ltr'><em>ὃ</em></span> <span class='ocrx_word' id='word_1_76' title='bbox 918 1126 999 1206; x_wconf 68' lang='lat' dir='ltr'><strong>dori}</strong></span> <span class='ocrx_word' id='word_1_77' title='bbox 1019 1127 1101 1211; x_wconf 80' lang='grc' dir='ltr'><strong><em>όπὲρ</em></strong></span> <span class='ocrx_word' id='word_1_78' title='bbox 1122 1132 1252 1193; x_wconf 55' lang='lat' dir='ltr'><strong>Kena*</strong></span> 
     </span>
     <span class='ocr_line' id='line_1_10' title="bbox 152 1223 1254 1313; baseline -0.001 -21"><span class='ocrx_word' id='word_1_79' title='bbox 152 1228 310 1311; x_wconf 85' lang='grc' dir='ltr'><strong><em>κουζηνσῦ</em></strong></span> <span class='ocrx_word' id='word_1_80' title='bbox 343 1228 400 1291; x_wconf 82' lang='grc' dir='ltr'><strong><em>τοῦ</em></strong></span> <span class='ocrx_word' id='word_1_81' title='bbox 422 1228 580 1309; x_wconf 79' lang='grc' dir='ltr'><strong><em>βασιλέως</em></strong></span> <span class='ocrx_word' id='word_1_82' title='bbox 604 1225 639 1292; x_wconf 91' lang='grc' dir='ltr'><strong><em>τό</em></strong></span> <span class='ocrx_word' id='word_1_83' title='bbox 672 1223 889 1313; x_wconf 81' lang='grc' dir='ltr'><strong><em>δεσμωτήριον</em></strong></span> <span class='ocrx_word' id='word_1_84' title='bbox 911 1229 1177 1313; x_wconf 75' lang='grc' dir='ltr'><strong><em>κατακεκριμένος</em></strong></span> <span class='ocrx_word' id='word_1_85' title='bbox 1195 1228 1254 1291; x_wconf 80' lang='grc' dir='ltr'><strong>καὶ</strong></span> 
     </span>
     <span class='ocr_line' id='line_1_11' title="bbox 110 1320 1252 1417; baseline 0.002 -27"><span class='ocrx_word' id='word_1_86' title='bbox 110 1324 256 1401; x_wconf 79' lang='grc' dir='ltr'><strong><em>ιοαιίτός</em></strong></span> <span class='ocrx_word' id='word_1_87' title='bbox 285 1323 348 1390; x_wconf 75' lang='lat' dir='ltr'><strong>dut</strong></span> <span class='ocrx_word' id='word_1_88' title='bbox 380 1327 439 1391; x_wconf 79' lang='grc' dir='ltr'><strong>τοῦ</strong></span> <span class='ocrx_word' id='word_1_89' title='bbox 457 1328 563 1391; x_wconf 84' lang='grc' dir='ltr'><strong><em>θείου.</em></strong></span> <span class='ocrx_word' id='word_1_90' title='bbox 601 1329 713 1417; x_wconf 80' lang='grc' dir='ltr'><strong><em>πρῶτον</em></strong></span> <span class='ocrx_word' id='word_1_91' title='bbox 741 1330 802 1407; x_wconf 82' lang='grc' dir='ltr'><strong>μὲν</strong></span> <span class='ocrx_word' id='word_1_92' title='bbox 830 1320 888 1391; x_wconf 72' lang='lat' dir='ltr'><strong>oda</strong></span> <span class='ocrx_word' id='word_1_93' title='bbox 907 1327 1047 1412; x_wconf 73' lang='grc' dir='ltr'><strong><em>ἐχρῶντο</em></strong></span> <span class='ocrx_word' id='word_1_94' title='bbox 1074 1330 1179 1403; x_wconf 80' lang='grc' dir='ltr'><strong><em>λίθοις</em></strong></span> <span class='ocrx_word' id='word_1_95' title='bbox 1201 1328 1252 1392; x_wconf 73' lang='grc' dir='ltr'><strong><em>ἐπ’</em></strong></span> 
     </span>
     <span class='ocr_line' id='line_1_12' title="bbox 150 1422 1251 1515; baseline -0.001 -23"><span class='ocrx_word' id='word_1_96' title='bbox 150 1426 263 1515; x_wconf 70' lang='grc' dir='ltr'><strong><em>αὐτῷ·</em></strong></span> <span class='ocrx_word' id='word_1_97' title='bbox 293 1426 334 1490; x_wconf 80' lang='grc' dir='ltr'><strong><em>οδ</em></strong></span> <span class='ocrx_word' id='word_1_98' title='bbox 357 1422 419 1513; x_wconf 74' lang='grc' dir='ltr'><strong>γάρ</strong></span> <span class='ocrx_word' id='word_1_99' title='bbox 451 1422 609 1512; x_wconf 79' lang='grc' dir='ltr'><strong><em>εόπόρουν</em></strong></span> <span class='ocrx_word' id='word_1_100' title='bbox 643 1422 730 1502; x_wconf 85' lang='grc' dir='ltr'><strong><em>τινός</em></strong></span> <span class='ocrx_word' id='word_1_101' title='bbox 749 1424 892 1511; x_wconf 88' lang='grc' dir='ltr'><strong><em>σιδήρου.</em></strong></span> <span class='ocrx_word' id='word_1_102' title='bbox 934 1423 1046 1492; x_wconf 77' lang='grc' dir='ltr'><strong><em>ἔπειτά</em></strong></span> <span class='ocrx_word' id='word_1_103' title='bbox 1073 1451 1122 1503; x_wconf 87' lang='grc' dir='ltr'><strong>τις</strong></span> <span class='ocrx_word' id='word_1_104' title='bbox 1143 1427 1251 1492; x_wconf 81' lang='grc' dir='ltr'><strong><em>ου’τοόν</em></strong></span> 
     </span>
     <span class='ocr_line' id='line_1_13' title="bbox 148 1522 1252 1616; baseline 0.001 -25"><span class='ocrx_word' id='word_1_105' title='bbox 148 1522 287 1616; x_wconf 70' lang='grc' dir='ltr'><strong><em>ρὀπάλιρ</em></strong></span> <span class='ocrx_word' id='word_1_106' title='bbox 308 1524 391 1589; x_wconf 86' lang='grc' dir='ltr'><strong><em>κατά</em></strong></span> <span class='ocrx_word' id='word_1_107' title='bbox 413 1524 513 1610; x_wconf 77' lang='grc' dir='ltr'><strong><em>τύχην</em></strong></span> <span class='ocrx_word' id='word_1_108' title='bbox 533 1524 696 1615; x_wconf 81' lang='grc' dir='ltr'><strong><em>εόρημὲνῳ</em></strong></span> <span class='ocrx_word' id='word_1_109' title='bbox 717 1524 828 1612; x_wconf 81' lang='grc' dir='ltr'><strong><em>ἔπληξε</em></strong></span> <span class='ocrx_word' id='word_1_110' title='bbox 849 1523 931 1591; x_wconf 88' lang='grc' dir='ltr'><strong><em>κατά</em></strong></span> <span class='ocrx_word' id='word_1_111' title='bbox 951 1528 1007 1613; x_wconf 79' lang='grc' dir='ltr'><strong><em>τῆς</em></strong></span> <span class='ocrx_word' id='word_1_112' title='bbox 1018 1529 1160 1615; x_wconf 82' lang='grc' dir='ltr'><strong><em>κεφαλῆς</em></strong></span> <span class='ocrx_word' id='word_1_113' title='bbox 1174 1533 1252 1592; x_wconf 81' lang='grc' dir='ltr'><strong><em>πολ-</em></strong></span> 
     </span>
     <span class='ocr_line' id='line_1_14' title="bbox 149 1620 1249 1717; baseline 0 -24"><span class='ocrx_word' id='word_1_114' title='bbox 149 1623 246 1704; x_wconf 84' lang='grc' dir='ltr'><strong><em>λάκις</em></strong></span> <span class='ocrx_word' id='word_1_115' title='bbox 267 1624 323 1690; x_wconf 78' lang='grc' dir='ltr'><strong>καί</strong></span> <span class='ocrx_word' id='word_1_116' title='bbox 347 1620 523 1709; x_wconf 81' lang='grc' dir='ltr'><strong><em>κατήνεγκε.</em></strong></span> <span class='ocrx_word' id='word_1_117' title='bbox 563 1623 644 1709; x_wconf 88' lang='grc' dir='ltr'><strong><em>μετά</em></strong></span> <span class='ocrx_word' id='word_1_118' title='bbox 672 1628 766 1691; x_wconf 73' lang='lat' dir='ltr'><strong>roden</strong></span> <span class='ocrx_word' id='word_1_119' title='bbox 793 1627 830 1691; x_wconf 81' lang='grc' dir='ltr'><strong>δὲ</strong></span> <span class='ocrx_word' id='word_1_120' title='bbox 857 1624 1056 1713; x_wconf 81' lang='grc' dir='ltr'><strong><em>χρησόμενοι</em></strong></span> <span class='ocrx_word' id='word_1_121' title='bbox 1084 1625 1249 1717; x_wconf 74' lang='grc' dir='ltr'><strong><em>σκεπάρνῳ</em></strong></span> 
     </span>
     <span class='ocr_line' id='line_1_15' title="bbox 147 1722 1280 1811; baseline -0.006 -18"><span class='ocrx_word' id='word_1_122' title='bbox 147 1728 217 1793; x_wconf 78' lang='grc' dir='ltr'><strong>τῶν</strong></span> <span class='ocrx_word' id='word_1_123' title='bbox 239 1722 275 1789; x_wconf 84' lang='grc' dir='ltr'><strong><em>τό</em></strong></span> <span class='ocrx_word' id='word_1_124' title='bbox 296 1722 513 1811; x_wconf 87' lang='grc' dir='ltr'><strong><em>δεσμωτήριον</em></strong></span> <span class='ocrx_word' id='word_1_125' title='bbox 531 1724 778 1807; x_wconf 80' lang='grc' dir='ltr'><strong><em>οἶκοδομοόντιον</em></strong></span> <span class='ocrx_word' id='word_1_126' title='bbox 797 1722 970 1811; x_wconf 84' lang='grc' dir='ltr'><strong><em>τεκτόνων,</em></strong></span> <span class='ocrx_word' id='word_1_127' title='bbox 1000 1728 1158 1809; x_wconf 81' lang='grc' dir='ltr'><strong><em>άπότεμον</em></strong></span> <span class='ocrx_word' id='word_1_128' title='bbox 1189 1726 1280 1792; x_wconf 74' lang='lat' dir='ltr'><strong>asi-c</strong></span> 
     </span>
     <span class='ocr_line' id='line_1_16' title="bbox 108 1822 1252 1915; baseline 0.005 -28"><span class='ocrx_word' id='word_1_129' title='bbox 108 1824 210 1895; x_wconf 77' lang='grc' dir='ltr'><strong><em>ιότσῧ</em></strong></span> <span class='ocrx_word' id='word_1_130' title='bbox 229 1823 288 1911; x_wconf 84' lang='grc' dir='ltr'><strong>τήν</strong></span> <span class='ocrx_word' id='word_1_131' title='bbox 320 1823 472 1913; x_wconf 84' lang='grc' dir='ltr'><strong><em>κεφαλήν.</em></strong></span> <span class='ocrx_word' id='word_1_132' title='bbox 512 1822 534 1910; x_wconf 88' lang='grc' dir='ltr'><strong><em>ή</em></strong></span> <span class='ocrx_word' id='word_1_133' title='bbox 564 1826 602 1890; x_wconf 80' lang='grc' dir='ltr'><strong>δὲ</strong></span> <span class='ocrx_word' id='word_1_134' title='bbox 632 1828 707 1911; x_wconf 84' lang='grc' dir='ltr'><strong><em>περί</em></strong></span> <span class='ocrx_word' id='word_1_135' title='bbox 724 1832 826 1909; x_wconf 71' lang='grc' dir='ltr'><strong><em>μέγαν</em></strong></span> <span class='ocrx_word' id='word_1_136' title='bbox 846 1828 946 1892; x_wconf 70' lang='lat' dir='ltr'><strong>dobeo</strong></span> <span class='ocrx_word' id='word_1_137' title='bbox 979 1826 1109 1915; x_wconf 81' lang='grc' dir='ltr'><strong><em>φρουρά</em></strong></span> <span class='ocrx_word' id='word_1_138' title='bbox 1139 1830 1196 1893; x_wconf 79' lang='grc' dir='ltr'><strong>καί</strong></span> <span class='ocrx_word' id='word_1_139' title='bbox 1220 1825 1252 1894; x_wconf 80' lang='grc' dir='ltr'><strong><em>οἱ</em></strong></span> 
     </span>
     <span class='ocr_line' id='line_1_17' title="bbox 146 1919 1251 2015; baseline -0.002 -21"><span class='ocrx_word' id='word_1_140' title='bbox 146 1920 259 2009; x_wconf 72' lang='grc' dir='ltr'><strong><em>ἄλλοι,</em></strong></span> <span class='ocrx_word' id='word_1_141' title='bbox 272 1919 342 1991; x_wconf 86' lang='grc' dir='ltr'><strong><em>όσοι</em></strong></span> <span class='ocrx_word' id='word_1_142' title='bbox 362 1928 505 2009; x_wconf 74' lang='grc' dir='ltr'><strong><em>εἵποντο,</em></strong></span> <span class='ocrx_word' id='word_1_143' title='bbox 528 1924 573 2003; x_wconf 78' lang='grc' dir='ltr'><strong>ὥς</strong></span> <span class='ocrx_word' id='word_1_144' title='bbox 593 1923 770 2015; x_wconf 69' lang='grc' dir='ltr'><strong><em>ᾐσθάνοντο</em></strong></span> <span class='ocrx_word' id='word_1_145' title='bbox 791 1926 910 1992; x_wconf 77' lang='grc' dir='ltr'><strong><em>ἐκεῖνον</em></strong></span> <span class='ocrx_word' id='word_1_146' title='bbox 925 1930 1101 2009; x_wconf 76' lang='grc' dir='ltr'><strong><em>τεθνεῶτα,</em></strong></span> <span class='ocrx_word' id='word_1_147' title='bbox 1115 1927 1156 1992; x_wconf 82' lang='grc' dir='ltr'><strong><em>οδ</em></strong></span> <span class='ocrx_word' id='word_1_148' title='bbox 1169 1925 1251 2013; x_wconf 81' lang='grc' dir='ltr'><strong><em>πρός</em></strong></span> 
     </span>
     <span class='ocr_line' id='line_1_18' title="bbox 145 2020 1250 2112; baseline -0.003 -20"><span class='ocrx_word' id='word_1_149' title='bbox 145 2020 282 2109; x_wconf 83' lang='grc' dir='ltr'><strong><em>άμυναν</em></strong></span> <span class='ocrx_word' id='word_1_150' title='bbox 302 2021 472 2110; x_wconf 76' lang='grc' dir='ltr'><strong><em>ἐτράποντο</em></strong></span> <span class='ocrx_word' id='word_1_151' title='bbox 493 2022 574 2109; x_wconf 72' lang='grc' dir='ltr'><strong><em>ὑπὲρ</em></strong></span> <span class='ocrx_word' id='word_1_152' title='bbox 607 2026 743 2106; x_wconf 79' lang='grc' dir='ltr'><strong><em>ἐκείνου,</em></strong></span> <span class='ocrx_word' id='word_1_153' title='bbox 779 2022 861 2091; x_wconf 78' lang='grc' dir='ltr'><strong><em>ἄλλά</em></strong></span> <span class='ocrx_word' id='word_1_154' title='bbox 890 2030 1138 2110; x_wconf 78' lang='grc' dir='ltr'><strong><em>καταπλαγέντες</em></strong></span> <span class='ocrx_word' id='word_1_155' title='bbox 1167 2024 1250 2112; x_wconf 84' lang='grc' dir='ltr'><strong><em>πρός</em></strong></span> 
     </span>
     <span class='ocr_line' id='line_1_19' title="bbox 143 2114 1251 2211; baseline -0.003 -18"><span class='ocrx_word' id='word_1_156' title='bbox 143 2124 206 2210; x_wconf 88' lang='grc' dir='ltr'><strong>τήν</strong></span> <span class='ocrx_word' id='word_1_157' title='bbox 228 2123 370 2207; x_wconf 82' lang='grc' dir='ltr'><strong><em>τόλμαν,</em></strong></span> <span class='ocrx_word' id='word_1_158' title='bbox 391 2114 481 2189; x_wconf 73' lang='grc' dir='ltr'><strong><em>ἄλλοι</em></strong></span> <span class='ocrx_word' id='word_1_159' title='bbox 502 2114 616 2188; x_wconf 71' lang='lat' dir='ltr'><strong>litore</strong></span> <span class='ocrx_word' id='word_1_160' title='bbox 639 2120 919 2211; x_wconf 73' lang='grc' dir='ltr'><strong><em>διεσκεδάσθησαν.</em></strong></span> <span class='ocrx_word' id='word_1_161' title='bbox 959 2122 991 2191; x_wconf 83' lang='grc' dir='ltr'><strong><em>οἱ</em></strong></span> <span class='ocrx_word' id='word_1_162' title='bbox 1024 2128 1185 2208; x_wconf 72' lang='grc' dir='ltr'><strong><em>δεσμῶται</em></strong></span> <span class='ocrx_word' id='word_1_163' title='bbox 1213 2128 1251 2190; x_wconf 69' lang='grc' dir='ltr'><strong>δὲ</strong></span> 
     </span>
     <span class='ocr_line' id='line_1_20' title="bbox 144 2220 1250 2312; baseline 0 -21"><span class='ocrx_word' id='word_1_164' title='bbox 144 2226 265 2311; x_wconf 77' lang='grc' dir='ltr'><strong><em>πρῶτα</em></strong></span> <span class='ocrx_word' id='word_1_165' title='bbox 290 2228 351 2304; x_wconf 84' lang='grc' dir='ltr'><strong>μὲν</strong></span> <span class='ocrx_word' id='word_1_166' title='bbox 374 2221 455 2312; x_wconf 89' lang='grc' dir='ltr'><strong><em>πρός</em></strong></span> <span class='ocrx_word' id='word_1_167' title='bbox 476 2220 534 2309; x_wconf 89' lang='grc' dir='ltr'><strong>τήν</strong></span> <span class='ocrx_word' id='word_1_168' title='bbox 553 2220 698 2311; x_wconf 84' lang='grc' dir='ltr'><strong><em>ταραχήν</em></strong></span> <span class='ocrx_word' id='word_1_169' title='bbox 720 2224 922 2310; x_wconf 79' lang='grc' dir='ltr'><strong><em>συνέδραμον</em></strong></span> <span class='ocrx_word' id='word_1_170' title='bbox 942 2225 1064 2303; x_wconf 86' lang='grc' dir='ltr'><strong><em>πάντες.</em></strong></span> <span class='ocrx_word' id='word_1_171' title='bbox 1115 2222 1250 2311; x_wconf 74' lang='grc' dir='ltr'><strong><em>ἠγνόουν</em></strong></span> 
     </span>
     <span class='ocr_line' id='line_1_21' title="bbox 100 2318 1249 2411; baseline 0.001 -22"><span class='ocrx_word' id='word_1_172' title='bbox 100 2326 208 2411; x_wconf 73' lang='grc' dir='ltr'><strong><em>ουγάρ</em></strong></span> <span class='ocrx_word' id='word_1_173' title='bbox 240 2322 344 2389; x_wconf 78' lang='grc' dir='ltr'><strong><em>αότιόν</em></strong></span> <span class='ocrx_word' id='word_1_174' title='bbox 365 2323 394 2388; x_wconf 82' lang='grc' dir='ltr'><strong><em>οἱ</em></strong></span> <span class='ocrx_word' id='word_1_175' title='bbox 417 2328 558 2388; x_wconf 77' lang='grc' dir='ltr'><strong><em>πλεῖστοι</em></strong></span> <span class='ocrx_word' id='word_1_176' title='bbox 598 2318 659 2404; x_wconf 85' lang='grc' dir='ltr'><strong><em>ό,τι</em></strong></span> <span class='ocrx_word' id='word_1_177' title='bbox 688 2322 747 2410; x_wconf 86' lang='grc' dir='ltr'><strong><em>εἴη.</em></strong></span> <span class='ocrx_word' id='word_1_178' title='bbox 790 2324 834 2399; x_wconf 77' lang='grc' dir='ltr'><strong>ὥς</strong></span> <span class='ocrx_word' id='word_1_179' title='bbox 854 2327 891 2389; x_wconf 79' lang='grc' dir='ltr'><strong>δὲ</strong></span> <span class='ocrx_word' id='word_1_180' title='bbox 910 2324 1050 2408; x_wconf 79' lang='grc' dir='ltr'><strong><em>ἔγνωσαν</em></strong></span> <span class='ocrx_word' id='word_1_181' title='bbox 1069 2324 1126 2391; x_wconf 86' lang='grc' dir='ltr'><strong>τόν</strong></span> <span class='ocrx_word' id='word_1_182' title='bbox 1147 2328 1249 2409; x_wconf 66' lang='grc' dir='ltr'><strong><em>μέγαν</em></strong></span> 
     </span>
     <span class='ocr_line' id='line_1_22' title="bbox 145 2419 1250 2510; baseline -0.001 -17"><span class='ocrx_word' id='word_1_183' title='bbox 145 2428 256 2493; x_wconf 84' lang='grc' dir='ltr'><strong>δοῦκα</strong></span> <span class='ocrx_word' id='word_1_184' title='bbox 277 2422 469 2510; x_wconf 75' lang='grc' dir='ltr'><strong><em>τεθνηκότα,</em></strong></span> <span class='ocrx_word' id='word_1_185' title='bbox 499 2422 535 2490; x_wconf 87' lang='grc' dir='ltr'><strong><em>τὸ</em></strong></span> <span class='ocrx_word' id='word_1_186' title='bbox 559 2426 653 2507; x_wconf 74' lang='grc' dir='ltr'><strong><em>σῶμα</em></strong></span> <span class='ocrx_word' id='word_1_187' title='bbox 678 2428 738 2507; x_wconf 82' lang='grc' dir='ltr'><strong>μὲν</strong></span> <span class='ocrx_word' id='word_1_188' title='bbox 761 2419 945 2510; x_wconf 82' lang='grc' dir='ltr'><strong><em>άνήρτησαν</em></strong></span> <span class='ocrx_word' id='word_1_189' title='bbox 973 2426 1029 2490; x_wconf 74' lang='grc' dir='ltr'><strong><em>ἐπὶ</em></strong></span> <span class='ocrx_word' id='word_1_190' title='bbox 1049 2429 1114 2490; x_wconf 82' lang='grc' dir='ltr'><strong><em>τεόν</em></strong></span> <span class='ocrx_word' id='word_1_191' title='bbox 1132 2428 1250 2510; x_wconf 75' lang='grc' dir='ltr'><strong><em>τειχῶν</em></strong></span> 
     </span>
     <span class='ocr_line' id='line_1_23' title="bbox 104 2515 1249 2609; baseline -0.005 -15"><span class='ocrx_word' id='word_1_192' title='bbox 104 2515 113 2530; x_wconf 44' lang='grc'><strong>“</strong></span> <span class='ocrx_word' id='word_1_193' title='bbox 145 2529 212 2594; x_wconf 74' lang='grc' dir='ltr'><strong>τῶν</strong></span> <span class='ocrx_word' id='word_1_194' title='bbox 232 2527 442 2609; x_wconf 76' lang='grc' dir='ltr'><strong><em>θρασυτέρων</em></strong></span> <span class='ocrx_word' id='word_1_195' title='bbox 460 2529 556 2600; x_wconf 81' lang='grc' dir='ltr'><strong><em>τινός.</em></strong></span> <span class='ocrx_word' id='word_1_196' title='bbox 599 2522 659 2608; x_wconf 89' lang='grc' dir='ltr'><strong>τήν</strong></span> <span class='ocrx_word' id='word_1_197' title='bbox 679 2519 821 2609; x_wconf 81' lang='grc' dir='ltr'><strong><em>κεφαλήν</em></strong></span> <span class='ocrx_word' id='word_1_198' title='bbox 841 2524 878 2586; x_wconf 76' lang='grc' dir='ltr'><strong>δὲ</strong></span> <span class='ocrx_word' id='word_1_199' title='bbox 896 2526 1135 2608; x_wconf 78' lang='grc' dir='ltr'><strong><em>περιπείροντες</em></strong></span> <span class='ocrx_word' id='word_1_200' title='bbox 1155 2525 1249 2589; x_wconf 88' lang='grc' dir='ltr'><strong><em>α’κον-</em></strong></span> 
     </span>
     <span class='ocr_line' id='line_1_24' title="bbox 148 2620 1249 2719; baseline -0.005 -25"><span class='ocrx_word' id='word_1_201' title='bbox 148 2628 232 2719; x_wconf 69' lang='grc' dir='ltr'><strong><em>τίη),</em></strong></span> <span class='ocrx_word' id='word_1_202' title='bbox 256 2621 314 2689; x_wconf 79' lang='grc' dir='ltr'><strong>καί</strong></span> <span class='ocrx_word' id='word_1_203' title='bbox 332 2620 431 2711; x_wconf 85' lang='grc' dir='ltr'><strong><em>αότήν</em></strong></span> <span class='ocrx_word' id='word_1_204' title='bbox 453 2622 573 2708; x_wconf 83' lang='grc' dir='ltr'><strong><em>ὅμοίως</em></strong></span> <span class='ocrx_word' id='word_1_205' title='bbox 585 2625 760 2710; x_wconf 76' lang='grc' dir='ltr'><strong><em>ἐπέστησαν</em></strong></span> <span class='ocrx_word' id='word_1_206' title='bbox 772 2629 840 2698; x_wconf 78' lang='grc' dir='ltr'><strong><em>τοῖς</em></strong></span> <span class='ocrx_word' id='word_1_207' title='bbox 852 2625 1014 2706; x_wconf 85' lang='grc' dir='ltr'><strong><em>τείχεσιν,</em></strong></span> <span class='ocrx_word' id='word_1_208' title='bbox 1037 2621 1079 2688; x_wconf 75' lang='grc' dir='ltr'><strong>ἵν’</strong></span> <span class='ocrx_word' id='word_1_209' title='bbox 1098 2621 1148 2708; x_wconf 86' lang='grc' dir='ltr'><strong>εἴη</strong></span> <span class='ocrx_word' id='word_1_210' title='bbox 1169 2625 1249 2690; x_wconf 81' lang='grc' dir='ltr'><strong><em>πάσι</em></strong></span> 
     </span>
    </p>
   </div>
   <div class='ocr_carea' id='block_1_3' title="bbox 148 2807 1250 3730">
    <p class='ocr_par' dir='ltr' id='par_1_3' title="bbox 148 2807 1250 3730">
     <span class='ocr_line' id='line_1_25' title="bbox 148 2807 1250 2882; baseline -0.002 -14"><span class='ocrx_word' id='word_1_211' title='bbox 148 2812 336 2874; x_wconf 84' lang='lat' dir='ltr'><strong>coniirimns,</strong></span> <span class='ocrx_word' id='word_1_212' title='bbox 367 2815 459 2864; x_wconf 86' lang='lat' dir='ltr'><strong>mente</strong></span> <span class='ocrx_word' id='word_1_213' title='bbox 483 2811 621 2882; x_wconf 81' lang='lat' dir='ltr'><strong>privetur,</strong></span> <span class='ocrx_word' id='word_1_214' title='bbox 649 2813 678 2861; x_wconf 90' lang='lat' dir='ltr'><strong>et</strong></span> <span class='ocrx_word' id='word_1_215' title='bbox 693 2808 728 2861; x_wconf 90' lang='grc' dir='ltr'><strong>ιιΙ</strong></span> <span class='ocrx_word' id='word_1_216' title='bbox 745 2807 856 2862; x_wconf 87' lang='lat' dir='ltr'><strong>caedem</strong></span> <span class='ocrx_word' id='word_1_217' title='bbox 873 2809 1007 2864; x_wconf 88' lang='lat' dir='ltr'><strong>desertus.</strong></span> <span class='ocrx_word' id='word_1_218' title='bbox 1055 2809 1184 2866; x_wconf 85' lang='lat' dir='ltr'><strong>Ceterum</strong></span> <span class='ocrx_word' id='word_1_219' title='bbox 1203 2828 1250 2866; x_wconf 87' lang='lat' dir='ltr'><strong>cs·</strong></span> 
     </span>
     <span class='ocr_line' id='line_1_26' title="bbox 148 2877 1249 2958; baseline -0.001 -19"><span class='ocrx_word' id='word_1_220' title='bbox 148 2887 223 2958; x_wconf 82' lang='lat' dir='ltr'><strong>ptivi</strong></span> <span class='ocrx_word' id='word_1_221' title='bbox 252 2883 355 2934; x_wconf 86' lang='lat' dir='ltr'><strong>atrium</strong></span> <span class='ocrx_word' id='word_1_222' title='bbox 378 2881 480 2954; x_wconf 85' lang='lat' dir='ltr'><strong>palatii</strong></span> <span class='ocrx_word' id='word_1_223' title='bbox 506 2879 621 2952; x_wconf 82' lang='lat' dir='ltr'><strong>sparsim</strong></span> <span class='ocrx_word' id='word_1_224' title='bbox 644 2877 881 2943; x_wconf 73' lang='lat' dir='ltr'><strong>obambulabant,</strong></span> <span class='ocrx_word' id='word_1_225' title='bbox 907 2881 1017 2952; x_wconf 83' lang='lat' dir='ltr'><strong>etipse</strong></span> <span class='ocrx_word' id='word_1_226' title='bbox 1043 2884 1176 2935; x_wconf 71' lang='lat' dir='ltr'><strong>satellitio</strong></span> <span class='ocrx_word' id='word_1_227' title='bbox 1198 2902 1249 2938; x_wconf 89' lang='lat' dir='ltr'><strong>suo</strong></span> 
     </span>
     <span class='ocr_line' id='line_1_27' title="bbox 149 2951 1249 3021; baseline -0.005 -9"><span class='ocrx_word' id='word_1_228' title='bbox 149 2958 220 3012; x_wconf 84' lang='lat' dir='ltr'><strong>ioris</strong></span> <span class='ocrx_word' id='word_1_229' title='bbox 245 2953 364 3019; x_wconf 87' lang='lat' dir='ltr'><strong>relicto,</strong></span> <span class='ocrx_word' id='word_1_230' title='bbox 389 2969 446 3004; x_wconf 88' lang='lat' dir='ltr'><strong>nno</strong></span> <span class='ocrx_word' id='word_1_231' title='bbox 476 2960 583 3006; x_wconf 84' lang='lat' dir='ltr'><strong>tantuna</strong></span> <span class='ocrx_word' id='word_1_232' title='bbox 608 2951 707 3004; x_wconf 80' lang='lat' dir='ltr'>comite</span> <span class='ocrx_word' id='word_1_233' title='bbox 731 2951 946 3021; x_wconf 76' lang='lat' dir='ltr'><strong>ingrediebatur.</strong></span> <span class='ocrx_word' id='word_1_234' title='bbox 984 2953 1056 3005; x_wconf 85' lang='lat' dir='ltr'><strong>Tum</strong></span> <span class='ocrx_word' id='word_1_235' title='bbox 1073 2954 1136 3017; x_wconf 92' lang='lat' dir='ltr'><strong>illi,</strong></span> <span class='ocrx_word' id='word_1_236' title='bbox 1160 2961 1192 3006; x_wconf 88' lang='lat' dir='ltr'><strong>at</strong></span> <span class='ocrx_word' id='word_1_237' title='bbox 1208 2956 1249 3006; x_wconf 84' lang='lat' dir='ltr'><strong>ita</strong></span> 
     </span>
     <span class='ocr_line' id='line_1_28' title="bbox 149 3021 1249 3095; baseline -0.005 -14"><span class='ocrx_word' id='word_1_238' title='bbox 149 3023 353 3081; x_wconf 87' lang='lat' dir='ltr'><strong>incustoditum</strong></span> <span class='ocrx_word' id='word_1_239' title='bbox 372 3032 553 3095; x_wconf 81' lang='lat' dir='ltr'><strong>aspexerunt,</strong></span> <span class='ocrx_word' id='word_1_240' title='bbox 582 3029 691 3092; x_wconf 83' lang='lat' dir='ltr'><strong>tempus</strong></span> <span class='ocrx_word' id='word_1_241' title='bbox 710 3021 807 3075; x_wconf 84' lang='lat' dir='ltr'><strong>adesse</strong></span> <span class='ocrx_word' id='word_1_242' title='bbox 823 3023 894 3087; x_wconf 88' lang='lat' dir='ltr'><strong>rati,</strong></span> <span class='ocrx_word' id='word_1_243' title='bbox 912 3021 1056 3086; x_wconf 88' lang='lat' dir='ltr'><strong>insiliunt,</strong></span> <span class='ocrx_word' id='word_1_244' title='bbox 1086 3025 1169 3094; x_wconf 87' lang='lat' dir='ltr'><strong>pauci</strong></span> <span class='ocrx_word' id='word_1_245' title='bbox 1205 3023 1249 3076; x_wconf 92' lang='lat' dir='ltr'><strong>ul·</strong></span> 
     </span>
     <span class='ocr_line' id='line_1_29' title="bbox 149 3043 1248 3165; baseline -0.003 -15"><span class='ocrx_word' id='word_1_246' title='bbox 149 3099 215 3154; x_wconf 85' lang='lat' dir='ltr'><strong>dam</strong></span> <span class='ocrx_word' id='word_1_247' title='bbox 243 3097 382 3165; x_wconf 87' lang='lat' dir='ltr'><strong>primurn,</strong></span> <span class='ocrx_word' id='word_1_248' title='bbox 409 3095 457 3165; x_wconf 89' lang='lat' dir='ltr'><strong>qui</strong></span> <span class='ocrx_word' id='word_1_249' title='bbox 483 3093 554 3146; x_wconf 83' lang='lat' dir='ltr'><strong>forte</strong></span> <span class='ocrx_word' id='word_1_250' title='bbox 578 3093 659 3144; x_wconf 90' lang='lat' dir='ltr'><strong>simul</strong></span> <span class='ocrx_word' id='word_1_251' title='bbox 686 3099 780 3156; x_wconf 86' lang='lat' dir='ltr'><strong>erant,</strong></span> <span class='ocrx_word' id='word_1_252' title='bbox 809 3091 839 3142; x_wconf 91' lang='lat' dir='ltr'><strong>in</strong></span> <span class='ocrx_word' id='word_1_253' title='bbox 865 3093 967 3164; x_wconf 87' lang='lat' dir='ltr'><strong>quibus</strong></span> <span class='ocrx_word' id='word_1_254' title='bbox 999 3101 1028 3144; x_wconf 89' lang='lat' dir='ltr'><strong>et</strong></span> <span class='ocrx_word' id='word_1_255' title='bbox 1050 3091 1163 3146; x_wconf 81' lang='lat' dir='ltr'><strong>Alexius</strong></span> <span class='ocrx_word' id='word_1_256' title='bbox 1181 3043 1248 3159; x_wconf 72' lang='grc' dir='ltr'><strong><em>άοι,</em></strong></span> 
     </span>
     <span class='ocr_line' id='line_1_30' title="bbox 149 3162 1247 3232; baseline -0.004 -10"><span class='ocrx_word' id='word_1_257' title='bbox 149 3163 339 3222; x_wconf 85' lang='lat' dir='ltr'><strong>Cantacuzcnl</strong></span> <span class='ocrx_word' id='word_1_258' title='bbox 362 3181 442 3218; x_wconf 84' lang='lat' dir='ltr'><strong>eausa</strong></span> <span class='ocrx_word' id='word_1_259' title='bbox 460 3165 566 3232; x_wconf 87' lang='lat' dir='ltr'><strong>etipse</strong></span> <span class='ocrx_word' id='word_1_260' title='bbox 587 3163 731 3216; x_wconf 83' lang='lat' dir='ltr'><strong>damnatus</strong></span> <span class='ocrx_word' id='word_1_261' title='bbox 754 3177 880 3226; x_wconf 89' lang='lat' dir='ltr'><strong>carcere,</strong></span> <span class='ocrx_word' id='word_1_262' title='bbox 898 3162 1000 3216; x_wconf 86' lang='lat' dir='ltr'><strong>sororis</strong></span> <span class='ocrx_word' id='word_1_263' title='bbox 1018 3163 1091 3216; x_wconf 89' lang='lat' dir='ltr'><strong>lilius</strong></span> <span class='ocrx_word' id='word_1_264' title='bbox 1108 3163 1144 3216; x_wconf 91' lang='lat' dir='ltr'><strong>ab</strong></span> <span class='ocrx_word' id='word_1_265' title='bbox 1161 3181 1247 3218; x_wconf 86' lang='lat' dir='ltr'><strong>avun-</strong></span> 
     </span>
     <span class='ocr_line' id='line_1_31' title="bbox 148 3231 1247 3306; baseline -0.003 -12"><span class='ocrx_word' id='word_1_266' title='bbox 148 3239 215 3294; x_wconf 87' lang='lat' dir='ltr'><strong>culo</strong></span> <span class='ocrx_word' id='word_1_267' title='bbox 241 3250 299 3290; x_wconf 88' lang='lat' dir='ltr'><strong>suo.</strong></span> <span class='ocrx_word' id='word_1_268' title='bbox 336 3234 404 3305; x_wconf 78' lang='lat' dir='ltr'><strong>Ergo</strong></span> <span class='ocrx_word' id='word_1_269' title='bbox 426 3234 566 3306; x_wconf 72' lang='lat' dir='ltr'><strong>lapidibus</strong></span> <span class='ocrx_word' id='word_1_270' title='bbox 593 3249 655 3286; x_wconf 88' lang='lat' dir='ltr'><strong>eum</strong></span> <span class='ocrx_word' id='word_1_271' title='bbox 679 3231 760 3284; x_wconf 86' lang='lat' dir='ltr'><strong>initio</strong></span> <span class='ocrx_word' id='word_1_272' title='bbox 781 3235 971 3300; x_wconf 84' lang='lat' dir='ltr'><strong>insectantur,</strong></span> <span class='ocrx_word' id='word_1_273' title='bbox 997 3233 1074 3306; x_wconf 89' lang='lat' dir='ltr'><strong>qnod</strong></span> <span class='ocrx_word' id='word_1_274' title='bbox 1093 3235 1195 3288; x_wconf 77' lang='lat' dir='ltr'><strong>ferrum</strong></span> <span class='ocrx_word' id='word_1_275' title='bbox 1215 3238 1247 3291; x_wconf 80' lang='lat' dir='ltr'><strong>in</strong></span> 
     </span>
     <span class='ocr_line' id='line_1_32' title="bbox 170 3303 1247 3377; baseline -0.005 -13"><span class='ocrx_word' id='word_1_276' title='bbox 170 3315 282 3377; x_wconf 89' lang='lat' dir='ltr'><strong>romptu</strong></span> <span class='ocrx_word' id='word_1_277' title='bbox 303 3321 360 3360; x_wconf 84' lang='lat' dir='ltr'><strong>non</strong></span> <span class='ocrx_word' id='word_1_278' title='bbox 384 3313 450 3359; x_wconf 79' lang='lat' dir='ltr'><strong>erat.</strong></span> <span class='ocrx_word' id='word_1_279' title='bbox 487 3307 550 3358; x_wconf 83' lang='lat' dir='ltr'><strong>Post</strong></span> <span class='ocrx_word' id='word_1_280' title='bbox 571 3303 685 3375; x_wconf 84' lang='lat' dir='ltr'><strong>quidam</strong></span> <span class='ocrx_word' id='word_1_281' title='bbox 703 3304 805 3358; x_wconf 81' lang='lat' dir='ltr'><strong>fustem</strong></span> <span class='ocrx_word' id='word_1_282' title='bbox 825 3303 941 3356; x_wconf 80' lang='lat' dir='ltr'><strong>fortuito</strong></span> <span class='ocrx_word' id='word_1_283' title='bbox 966 3313 1106 3374; x_wconf 85' lang='lat' dir='ltr'><strong>repertum</strong></span> <span class='ocrx_word' id='word_1_284' title='bbox 1136 3307 1247 3377; x_wconf 79' lang='lat' dir='ltr'><strong>areptus</strong></span> 
     </span>
     <span class='ocr_line' id='line_1_33' title="bbox 148 3372 1247 3450; baseline -0.001 -18"><span class='ocrx_word' id='word_1_285' title='bbox 148 3397 181 3434; x_wconf 90' lang='grc' dir='ltr'><strong>ιιι</strong></span> <span class='ocrx_word' id='word_1_286' title='bbox 199 3383 285 3450; x_wconf 84' lang='lat' dir='ltr'><strong>caput</strong></span> <span class='ocrx_word' id='word_1_287' title='bbox 302 3377 436 3446; x_wconf 71' lang='lat' dir='ltr'><strong>impingit.</strong></span> <span class='ocrx_word' id='word_1_288' title='bbox 483 3375 526 3429; x_wconf 83' lang='lat' dir='ltr'><strong>Ad</strong></span> <span class='ocrx_word' id='word_1_289' title='bbox 547 3383 698 3428; x_wconf 76' lang='lat' dir='ltr'><strong>extremum</strong></span> <span class='ocrx_word' id='word_1_290' title='bbox 718 3382 826 3444; x_wconf 88' lang='lat' dir='ltr'><strong>arrepta</strong></span> <span class='ocrx_word' id='word_1_291' title='bbox 843 3372 959 3445; x_wconf 88' lang='lat' dir='ltr'><strong>bipenni</strong></span> <span class='ocrx_word' id='word_1_292' title='bbox 977 3393 993 3427; x_wconf 86' lang='lat' dir='ltr'><strong>a</strong></span> <span class='ocrx_word' id='word_1_293' title='bbox 1009 3376 1095 3429; x_wconf 82' lang='lat' dir='ltr'><strong>labris</strong></span> <span class='ocrx_word' id='word_1_294' title='bbox 1113 3379 1247 3430; x_wconf 81' lang='lat' dir='ltr'><strong>materia-</strong></span> 
     </span>
     <span class='ocr_line' id='line_1_34' title="bbox 149 3445 1246 3520; baseline 0 -22"><span class='ocrx_word' id='word_1_295' title='bbox 149 3451 224 3513; x_wconf 75' lang='lat' dir='ltr'><strong>riir,</strong></span> <span class='ocrx_word' id='word_1_296' title='bbox 244 3445 294 3520; x_wconf 87' lang='lat' dir='ltr'><strong>qul</strong></span> <span class='ocrx_word' id='word_1_297' title='bbox 313 3462 446 3499; x_wconf 78' lang='lat' dir='ltr'><strong>carcerem</strong></span> <span class='ocrx_word' id='word_1_298' title='bbox 467 3446 660 3509; x_wconf 73' lang='lat' dir='ltr'><strong>exstruebant,</strong></span> <span class='ocrx_word' id='word_1_299' title='bbox 680 3453 762 3514; x_wconf 86' lang='lat' dir='ltr'><strong>caput</strong></span> <span class='ocrx_word' id='word_1_300' title='bbox 779 3445 823 3498; x_wconf 91' lang='lat' dir='ltr'><strong>illi</strong></span> <span class='ocrx_word' id='word_1_301' title='bbox 844 3461 886 3497; x_wconf 83' lang='lat' dir='ltr'><strong>am</strong></span> <span class='ocrx_word' id='word_1_302' title='bbox 908 3453 993 3498; x_wconf 82' lang='lat' dir='ltr'><strong>utant.</strong></span> <span class='ocrx_word' id='word_1_303' title='bbox 1021 3447 1092 3500; x_wconf 86' lang='lat' dir='ltr'><strong>Tum</strong></span> <span class='ocrx_word' id='word_1_304' title='bbox 1111 3448 1246 3513; x_wconf 85' lang='lat' dir='ltr'><strong>custodia,</strong></span> 
     </span>
     <span class='ocr_line' id='line_1_35' title="bbox 149 3463 1246 3592; baseline 0 -21"><span class='ocrx_word' id='word_1_305' title='bbox 149 3530 180 3576; x_wconf 81' lang='lat' dir='ltr'><strong>et</strong></span> <span class='ocrx_word' id='word_1_306' title='bbox 196 3515 339 3592; x_wconf 88' lang='lat' dir='ltr'><strong>quidquid</strong></span> <span class='ocrx_word' id='word_1_307' title='bbox 366 3517 517 3570; x_wconf 71' lang='lat' dir='ltr'><strong>satellitum</strong></span> <span class='ocrx_word' id='word_1_308' title='bbox 539 3515 725 3587; x_wconf 76' lang='lat' dir='ltr'><strong>aequabatur,</strong></span> <span class='ocrx_word' id='word_1_309' title='bbox 751 3523 782 3567; x_wconf 90' lang='lat' dir='ltr'><strong>ut</strong></span> <span class='ocrx_word' id='word_1_310' title='bbox 802 3531 864 3568; x_wconf 84' lang='lat' dir='ltr'><strong>eum</strong></span> <span class='ocrx_word' id='word_1_311' title='bbox 887 3463 1063 3570; x_wconf 78' lang='lat' dir='ltr'><strong>brerteetum</strong></span> <span class='ocrx_word' id='word_1_312' title='bbox 1088 3516 1246 3584; x_wconf 87' lang='lat' dir='ltr'><strong>andierunt,</strong></span> 
     </span>
     <span class='ocr_line' id='line_1_36' title="bbox 149 3585 1245 3660; baseline -0.001 -15"><span class='ocrx_word' id='word_1_313' title='bbox 149 3593 261 3645; x_wconf 89' lang='lat' dir='ltr'><strong>ultione</strong></span> <span class='ocrx_word' id='word_1_314' title='bbox 284 3589 495 3657; x_wconf 82' lang='lat' dir='ltr'><strong>praetermissa,</strong></span> <span class='ocrx_word' id='word_1_315' title='bbox 525 3593 600 3640; x_wconf 88' lang='lat' dir='ltr'><strong>tants</strong></span> <span class='ocrx_word' id='word_1_316' title='bbox 628 3585 742 3638; x_wconf 81' lang='lat' dir='ltr'><strong>audacia</strong></span> <span class='ocrx_word' id='word_1_317' title='bbox 759 3586 889 3651; x_wconf 80' lang='lat' dir='ltr'><strong>attoniti,</strong></span> <span class='ocrx_word' id='word_1_318' title='bbox 907 3587 977 3640; x_wconf 85' lang='lat' dir='ltr'><strong>alius</strong></span> <span class='ocrx_word' id='word_1_319' title='bbox 997 3587 1053 3640; x_wconf 85' lang='lat' dir='ltr'><strong>alio</strong></span> <span class='ocrx_word' id='word_1_320' title='bbox 1070 3587 1245 3660; x_wconf 78' lang='lat' dir='ltr'><strong>diffugerunt.</strong></span> 
     </span>
     <span class='ocr_line' id='line_1_37' title="bbox 149 3655 1247 3730; baseline -0.001 -16"><span class='ocrx_word' id='word_1_321' title='bbox 149 3661 262 3730; x_wconf 88' lang='lat' dir='ltr'><strong>Captivi</strong></span> <span class='ocrx_word' id='word_1_322' title='bbox 283 3657 319 3711; x_wconf 85' lang='lat' dir='ltr'><strong>ad</strong></span> <span class='ocrx_word' id='word_1_323' title='bbox 339 3659 485 3710; x_wconf 85' lang='lat' dir='ltr'><strong>tumultum</strong></span> <span class='ocrx_word' id='word_1_324' title='bbox 506 3674 600 3711; x_wconf 87' lang='lat' dir='ltr'><strong>omnes</strong></span> <span class='ocrx_word' id='word_1_325' title='bbox 614 3663 818 3721; x_wconf 70' lang='lat' dir='ltr'><strong>concurrentes,</strong></span> <span class='ocrx_word' id='word_1_326' title='bbox 838 3655 939 3727; x_wconf 81' lang='lat' dir='ltr'><strong>(maior</strong></span> <span class='ocrx_word' id='word_1_327' title='bbox 965 3659 1039 3710; x_wconf 88' lang='lat' dir='ltr'><strong>enim</strong></span> <span class='ocrx_word' id='word_1_328' title='bbox 1063 3675 1126 3728; x_wconf 84' lang='lat' dir='ltr'><strong>pars</strong></span> <span class='ocrx_word' id='word_1_329' title='bbox 1151 3675 1247 3713; x_wconf 88' lang='lat' dir='ltr'><strong>eorum</strong></span> 
     </span>
    </p>
   </div>
   <div class='ocr_carea' id='block_1_4' title="bbox 149 3726 1251 3852">
    <p class='ocr_par' dir='ltr' id='par_1_4' title="bbox 149 3726 1251 3852">
     <span class='ocr_line' id='line_1_38' title="bbox 149 3726 1251 3852; baseline -0.005 -70"><span class='ocrx_word' id='word_1_330' title='bbox 149 3731 221 3852; x_wconf 62' lang='lat' dir='ltr'><strong>ppid</strong></span> <span class='ocrx_word' id='word_1_331' title='bbox 245 3737 319 3784; x_wconf 85' lang='lat' dir='ltr'><strong>esset</strong></span> <span class='ocrx_word' id='word_1_332' title='bbox 332 3728 495 3852; x_wconf 48' lang='lat' dir='ltr'><strong>nesciebat}</strong></span> <span class='ocrx_word' id='word_1_333' title='bbox 514 3734 546 3782; x_wconf 90' lang='lat' dir='ltr'><strong>ut</strong></span> <span class='ocrx_word' id='word_1_334' title='bbox 565 3745 692 3798; x_wconf 81' lang='lat' dir='ltr'><strong>magnum</strong></span> <span class='ocrx_word' id='word_1_335' title='bbox 711 3726 808 3779; x_wconf 85' lang='lat' dir='ltr'><strong>ducem</strong></span> <span class='ocrx_word' id='word_1_336' title='bbox 826 3729 945 3779; x_wconf 86' lang='lat' dir='ltr'><strong>occisum</strong></span> <span class='ocrx_word' id='word_1_337' title='bbox 963 3735 1162 3798; x_wconf 85' lang='lat' dir='ltr'><strong>cognoverunt,</strong></span> <span class='ocrx_word' id='word_1_338' title='bbox 1182 3731 1251 3801; x_wconf 84' lang='lat' dir='ltr'><strong>qul.</strong></span> 
     </span>
    </p>
   </div>
   <div class='ocr_carea' id='block_1_5' title="bbox 149 3796 1248 4298">
    <p class='ocr_par' dir='ltr' id='par_1_5' title="bbox 149 3796 1248 4298">
     <span class='ocr_line' id='line_1_39' title="bbox 187 3796 1248 3870; baseline 0 -16"><span class='ocrx_word' id='word_1_339' title='bbox 187 3819 216 3854; x_wconf 86' lang='lat' dir='ltr'><strong>m</strong></span> <span class='ocrx_word' id='word_1_340' title='bbox 241 3799 423 3860; x_wconf 83' lang='lat' dir='ltr'><strong>audaciores,</strong></span> <span class='ocrx_word' id='word_1_341' title='bbox 444 3815 474 3849; x_wconf 88' lang='lat' dir='ltr'><strong>ca</strong></span> <span class='ocrx_word' id='word_1_342' title='bbox 496 3815 559 3854; x_wconf 87' lang='lat' dir='ltr'><strong>aver</strong></span> <span class='ocrx_word' id='word_1_343' title='bbox 576 3799 612 3852; x_wconf 89' lang='lat' dir='ltr'><strong>de</strong></span> <span class='ocrx_word' id='word_1_344' title='bbox 628 3814 705 3852; x_wconf 87' lang='lat' dir='ltr'><strong>muro</strong></span> <span class='ocrx_word' id='word_1_345' title='bbox 724 3796 912 3866; x_wconf 86' lang='lat' dir='ltr'><strong>suspendunt,</strong></span> <span class='ocrx_word' id='word_1_346' title='bbox 938 3805 1074 3869; x_wconf 84' lang='lat' dir='ltr'><strong>caputque</strong></span> <span class='ocrx_word' id='word_1_347' title='bbox 1091 3800 1149 3852; x_wconf 87' lang='lat' dir='ltr'><strong>telo</strong></span> <span class='ocrx_word' id='word_1_348' title='bbox 1167 3817 1248 3870; x_wconf 86' lang='lat' dir='ltr'><strong>prae·</strong></span> 
     </span>
     <span class='ocr_line' id='line_1_40' title="bbox 149 3867 1246 3942; baseline 0 -18"><span class='ocrx_word' id='word_1_349' title='bbox 149 3871 237 3924; x_wconf 81' lang='lat' dir='ltr'><strong>fixum</strong></span> <span class='ocrx_word' id='word_1_350' title='bbox 259 3869 391 3923; x_wconf 88' lang='lat' dir='ltr'><strong>similiter</strong></span> <span class='ocrx_word' id='word_1_351' title='bbox 407 3871 437 3922; x_wconf 86' lang='lat' dir='ltr'><strong>in</strong></span> <span class='ocrx_word' id='word_1_352' title='bbox 456 3885 533 3922; x_wconf 89' lang='lat' dir='ltr'><strong>muro</strong></span> <span class='ocrx_word' id='word_1_353' title='bbox 553 3886 602 3940; x_wconf 90' lang='lat' dir='ltr'><strong>pro</strong></span> <span class='ocrx_word' id='word_1_354' title='bbox 618 3867 774 3939; x_wconf 88' lang='lat' dir='ltr'><strong>spectaculo</strong></span> <span class='ocrx_word' id='word_1_355' title='bbox 791 3876 924 3921; x_wconf 85' lang='lat' dir='ltr'><strong>statuunt</strong></span> <span class='ocrx_word' id='word_1_356' title='bbox 967 3870 1081 3924; x_wconf 87' lang='lat' dir='ltr'><strong>Gratum</strong></span> <span class='ocrx_word' id='word_1_357' title='bbox 1101 3873 1174 3924; x_wconf 87' lang='lat' dir='ltr'><strong>enim</strong></span> <span class='ocrx_word' id='word_1_358' title='bbox 1193 3889 1246 3942; x_wconf 89' lang='lat' dir='ltr'><strong>po·</strong></span> 
     </span>
     <span class='ocr_line' id='line_1_41' title="bbox 150 3937 1245 4010; baseline -0.002 -16"><span class='ocrx_word' id='word_1_359' title='bbox 150 3939 220 4010; x_wconf 91' lang='lat' dir='ltr'><strong>pulo</strong></span> <span class='ocrx_word' id='word_1_360' title='bbox 240 3939 331 3994; x_wconf 82' lang='lat' dir='ltr'><strong>iacere</strong></span> <span class='ocrx_word' id='word_1_361' title='bbox 349 3955 378 3992; x_wconf 84' lang='lat' dir='ltr'><strong>se</strong></span> <span class='ocrx_word' id='word_1_362' title='bbox 396 3939 614 4002; x_wconf 79' lang='lat' dir='ltr'><strong>arbitrabantur,</strong></span> <span class='ocrx_word' id='word_1_363' title='bbox 632 3939 681 4009; x_wconf 85' lang='lat' dir='ltr'><strong>qui</strong></span> <span class='ocrx_word' id='word_1_364' title='bbox 699 3937 779 3991; x_wconf 88' lang='lat' dir='ltr'><strong>illum</strong></span> <span class='ocrx_word' id='word_1_365' title='bbox 797 3953 847 4006; x_wconf 89' lang='lat' dir='ltr'><strong>pro</strong></span> <span class='ocrx_word' id='word_1_366' title='bbox 865 3940 1003 3992; x_wconf 86' lang='lat' dir='ltr'><strong>communi</strong></span> <span class='ocrx_word' id='word_1_367' title='bbox 1020 3939 1099 3993; x_wconf 83' lang='lat' dir='ltr'><strong>hoste</strong></span> <span class='ocrx_word' id='word_1_368' title='bbox 1117 3939 1245 4006; x_wconf 86' lang='lat' dir='ltr'><strong>haberet,</strong></span> 
     </span>
     <span class='ocr_line' id='line_1_42' title="bbox 150 4007 1244 4082; baseline 0.001 -18"><span class='ocrx_word' id='word_1_369' title='bbox 150 4019 295 4082; x_wconf 79' lang='lat' dir='ltr'><strong>tamquam</strong></span> <span class='ocrx_word' id='word_1_370' title='bbox 324 4009 406 4063; x_wconf 89' lang='lat' dir='ltr'><strong>huius</strong></span> <span class='ocrx_word' id='word_1_371' title='bbox 437 4009 507 4064; x_wconf 87' lang='lat' dir='ltr'><strong>belli</strong></span> <span class='ocrx_word' id='word_1_372' title='bbox 528 4009 618 4064; x_wconf 81' lang='lat' dir='ltr'><strong>civilis</strong></span> <span class='ocrx_word' id='word_1_373' title='bbox 646 4007 750 4062; x_wconf 83' lang='lat' dir='ltr'><strong>iontem</strong></span> <span class='ocrx_word' id='word_1_374' title='bbox 771 4009 878 4062; x_wconf 87' lang='lat' dir='ltr'><strong>scilieet</strong></span> <span class='ocrx_word' id='word_1_375' title='bbox 904 4011 1076 4082; x_wconf 85' lang='lat' dir='ltr'><strong>primamque</strong></span> <span class='ocrx_word' id='word_1_376' title='bbox 1096 4013 1244 4081; x_wconf 83' lang='lat' dir='ltr'><strong>originem:</strong></span> 
     </span>
     <span class='ocr_line' id='line_1_43' title="bbox 150 4079 1247 4155; baseline 0.003 -23"><span class='ocrx_word' id='word_1_377' title='bbox 150 4096 233 4134; x_wconf 87' lang='lat' dir='ltr'><strong>nemo</strong></span> <span class='ocrx_word' id='word_1_378' title='bbox 254 4080 329 4132; x_wconf 89' lang='lat' dir='ltr'><strong>enim</strong></span> <span class='ocrx_word' id='word_1_379' title='bbox 356 4081 410 4134; x_wconf 86' lang='lat' dir='ltr'><strong>ism</strong></span> <span class='ocrx_word' id='word_1_380' title='bbox 431 4097 502 4155; x_wconf 85' lang='lat' dir='ltr'><strong>qure</strong></span> <span class='ocrx_word' id='word_1_381' title='bbox 526 4081 698 4152; x_wconf 78' lang='lat' dir='ltr'><strong>contigerant</strong></span> <span class='ocrx_word' id='word_1_382' title='bbox 715 4097 772 4133; x_wconf 87' lang='lat' dir='ltr'><strong>non</strong></span> <span class='ocrx_word' id='word_1_383' title='bbox 790 4079 903 4132; x_wconf 84' lang='lat' dir='ltr'><strong>sciebat</strong></span> <span class='ocrx_word' id='word_1_384' title='bbox 939 4079 994 4150; x_wconf 87' lang='lat' dir='ltr'><strong>lpsi</strong></span> <span class='ocrx_word' id='word_1_385' title='bbox 1013 4097 1078 4134; x_wconf 84' lang='lat' dir='ltr'><strong>vero</strong></span> <span class='ocrx_word' id='word_1_386' title='bbox 1097 4083 1247 4152; x_wconf 85' lang='lat' dir='ltr'><strong>procopia</strong></span> 
     </span>
     <span class='ocr_line' id='line_1_44' title="bbox 149 4149 1248 4226; baseline 0.004 -26"><span class='ocrx_word' id='word_1_387' title='bbox 149 4151 306 4218; x_wconf 86' lang='lat' dir='ltr'><strong>praesenti,</strong></span> <span class='ocrx_word' id='word_1_388' title='bbox 334 4151 423 4224; x_wconf 89' lang='lat' dir='ltr'><strong>siqui</strong></span> <span class='ocrx_word' id='word_1_389' title='bbox 452 4169 501 4206; x_wconf 84' lang='lat' dir='ltr'><strong>eos</strong></span> <span class='ocrx_word' id='word_1_390' title='bbox 522 4153 752 4226; x_wconf 71' lang='lat' dir='ltr'><strong>aggrederentur,</strong></span> <span class='ocrx_word' id='word_1_391' title='bbox 770 4149 960 4205; x_wconf 82' lang='lat' dir='ltr'><strong>defensionem</strong></span> <span class='ocrx_word' id='word_1_392' title='bbox 976 4151 1130 4221; x_wconf 85' lang='lat' dir='ltr'><strong>parabant:</strong></span> <span class='ocrx_word' id='word_1_393' title='bbox 1155 4154 1248 4205; x_wconf 85' lang='lat' dir='ltr'><strong>rubii·</strong></span> 
     </span>
     <span class='ocr_line' id='line_1_45' title="bbox 149 4217 1247 4298; baseline 0.005 -26"><span class='ocrx_word' id='word_1_394' title='bbox 149 4217 243 4273; x_wconf 84' lang='lat' dir='ltr'><strong>mibus</strong></span> <span class='ocrx_word' id='word_1_395' title='bbox 264 4220 363 4293; x_wconf 85' lang='lat' dir='ltr'><strong>palatii</strong></span> <span class='ocrx_word' id='word_1_396' title='bbox 385 4227 470 4279; x_wconf 83' lang='lat' dir='ltr'><strong>muris</strong></span> <span class='ocrx_word' id='word_1_397' title='bbox 481 4227 656 4298; x_wconf 82' lang='lat' dir='ltr'><strong>potissimum</strong></span> <span class='ocrx_word' id='word_1_398' title='bbox 671 4221 798 4278; x_wconf 80' lang='lat' dir='ltr'><strong>fidentes.</strong></span> <span class='ocrx_word' id='word_1_399' title='bbox 834 4221 923 4276; x_wconf 86' lang='lat' dir='ltr'><strong>Simul</strong></span> <span class='ocrx_word' id='word_1_400' title='bbox 939 4221 1022 4277; x_wconf 82' lang='lat' dir='ltr'><strong>etiam</strong></span> <span class='ocrx_word' id='word_1_401' title='bbox 1036 4237 1097 4293; x_wconf 84' lang='lat' dir='ltr'><strong>spes</strong></span> <span class='ocrx_word' id='word_1_402' title='bbox 1111 4223 1247 4296; x_wconf 81' lang='lat' dir='ltr'><strong>quaedam</strong></span> 
     </span>
    </p>
   </div>
   <div class='ocr_carea' id='block_1_6' title="bbox 0 0 1568 4900">
    <p class='ocr_par' dir='ltr' id='par_1_6' title="bbox 0 0 1568 4900">
     <span class='ocr_line' id='line_1_46' title="bbox 0 0 1568 4900; baseline 0 0"><span class='ocrx_word' id='word_1_403' title='bbox 0 0 1568 4900; x_wconf 95' lang='lat' dir='ltr'><strong> </strong></span> 
     </span>
    </p>
   </div>
  </div>
 </body>
</html>
