3125 4900
442 310 737 409 'nrsronrtrsurr
766 346 832 407 ιιι..
848 348 899 435 ιι,
1167 308 1222 400 85

134 495 383 575 ramesiensem
402 496 561 580 εἰρῆσθαι.
592 492 610 558 δ
626 492 823 581 πατριάρχης
836 496 872 560 δὲ
896 494 1134 560 ἀντικαθίστατο
1147 488 1371 577 notate-1³41

136 596 210 673 τούς
232 596 348 678 λόγους
367 592 442 674 καί,
460 594 505 677 μὴ
537 597 614 677 δεῖν,
636 592 749 678 ἔλεγεν,
764 590 884 669 αύτούς
903 586 1043 669 ἀτύιιτως
1060 596 1228 676 θορυβεῖν,
1333 604 1338 617 ·

136 693 219 763 ἀλλὰ
252 692 422 760 πείθεσθαι
452 700 520 768 τοϊς
547 697 688 775 βασιλίδι
716 692 770 757 καί
796 694 921 781 μεγάλην
943 695 1113 779 δομεστίκηι
1133 691 1230 773 dysm-

135 794 277 875 σμένοις.
314 796 349 857 ἀν
370 790 494 869 τούτοις
515 794 550 856 δὲ
568 798 625 877 τῆς
645 790 749 877 ἔριδος
770 794 900 868 ἐκείνοις
921 784 1035 876 ούσης,
1068 788 1138 857 ε’πεί
1157 792 1229 855 tnt-

117 904 242 968 5παυτο
274 894 441 979 φανέντος,
475 900 553 966 τοϊς,
571 895 631 975 μὲν
662 885 766 967 ἄλλοις
787 888 894 975 οἵσπερ
915 887 1115 975 ὀργιζόμενος
1136 882 1229 953 ου’δὲν

142 990 281 1075 εἰρήκει·
322 984 521 1074 πατριάρχην
544 992 579 1056 δὲ
605 992 782 1076 ἐμέμφετο,
816 983 865 1054 ὅτι
891 989 1034 1073 ἀνοήτων
1053 983 1230 1074 ἀνθρώπων

142 1090 307 1173 προσέχων
328 1090 440 1173 λόγοις,
462 1092 569 1173 ἕστηκε
587 1087 667 1174 πρὸς
684 1083 798 1165 αύτούς
818 1091 1001 1173 λογομαχῶν
1021 1089 1076 1153 καί
1091 1087 1231 1172 θόρυβον

144 1193 250 1255 κινῶν.
292 1184 500 1270 συνεβούλευέ
519 1207 551 1252 τε
571 1184 648 1251 οἴκοι
671 1188 819 1252 ἀπελθεῖν
845 1192 901 1252 καί
928 1189 1029 1271 μηδὲν
1049 1183 1129 1271 πρὸς
1148 1184 1325 1260 matt-³90

143 1312 218 1364 νους
237 1289 450 1373 διαφέρεσθαι
469 1289 545 1367 νῦν,
577 1282 619 1362 οδς
639 1288 673 1360 ές
690 1283 746 1369 την
767 1283 941 1369 ὑστεραίαν
961 1281 1028 1367 ἅμα
1048 1284 1137 1373 crispi
1156 1288 1230 1372 περί

105 1390 208 1457 sortis
229 1388 400 1471 εἰρημένων
423 1385 619 1473 ποιησομένηι
641 1384 743 1466 λόγον.
782 1386 963 1468 προέπεμπέ
983 1408 1017 1449 τε
1038 1376 1114 1469 ἄχρι
1133 1385 1231 1449 ἵππου

15 1492 25 1581 η
141 1484 331 1571 θεραπεύων
359 1481 414 1547 διά
440 1482 498 1567 τὴν
531 1478 611 1568 πρὸς
641 1480 739 1548 αύτόν
758 1486 962 1567 γεγενημένην
982 1487 1118 1565 μέμψιν,
1140 1476 1244 1565 ούπωΙ

140 1583 296 1670 πρότερον
320 1586 412 1647 τούτο
444 1583 647 1667 εἰργασμένος
653 1632 663 1662 ,
699 1583 768 1645 ἀλλ’
796 1585 830 1647 έν
856 1591 921 1657 τοῖς
945 1584 1116 1663 βασιλειόις
1135 1583 1232 1657 οἴκοις

141 1680 387 1763 συνταττόμενος
417 1674 628 1766 ἀναστρέφειν
656 1679 790 1755 εἰωθώς.
841 1683 887 1755 εἰς
907 1683 1059 1763 βασιλίδα
1080 1683 1115 1745 δὲ
1135 1674 1336 1756 adtremat

143 1780 160 1845 δ
182 1785 284 1864 μέγας
306 1782 484 1860 δομέστιιιος
506 1775 706 1863 ἐπανελθών,
728 1779 784 1864 την
805 1781 911 1843 αι’τιόιν
929 1781 987 1844 τοῦ
1006 1778 1148 1863 θορύβου
1164 1781 1234 1865 διη-

106 1888 247 1962 ι5γεῖτο,
290 1872 373 1955 ὅπως
400 1902 433 1942 τε
464 1875 559 1953 αύτὸς
579 1880 634 1961 τῆς
655 1876 789 1961 ἀκαίρου
812 1881 1004 1963 φιλονεικίας
1025 1877 1234 1962 μεμψάμενος

146 1978 367 2062 πατριδρχην,
398 1971 447 2040 δτι
468 1976 608 2060 ἀνοητων
629 1972 806 2061 ἀνθρώπων
827 1975 981 2061 προσχοίη
1002 1973 1104 2061 λόγοις
1124 1973 1234 2059 ἔχουσι

142 2080 244 2161 μηδὲν
274 2077 381 2160 ύγιὲςζ,
410 2078 629 2161 παραινέσειεν
658 2074 765 2141 οἴκαδε
795 2079 982 2161 ἀναχωρεῖν.
1023 2069 1241 2161 διῖσχυριζετύ,

143 2200 179 2241 τε
208 2174 266 2241 κατ’
287 2172 387 2251 αύτὸς
410 2173 700 2259 ἐπιμαρτυρόμενος
718 2168 822 2257 θεὸν,
842 2172 885 2252 air
906 2176 999 2241 ου’δὲν
1020 2178 1083 2240 τῶν
1104 2174 1232 2258 λεγομέ-

145 2300 208 2341 νων
238 2277 415 2359 συνειδείη,
446 2274 512 2339 ἀλλ’
542 2271 604 2337 ύπό
637 2297 732 2339 τινων
752 2263 952 2339 ἀπαιδεύτων
978 2271 1035 2337 ὕπ’
1056 2275 1260 2351 αδθαδείαςΒ

103 2372 285 2460 ,οάνοήτως
311 2374 465 2460 ιιινηθειη.
495 2371 684 2458 ἐπαινούσης
712 2374 747 2438 δὲ
773 2376 831 2459 τῆς
853 2374 1018 2455 βασιλίδος
1038 2374 1094 2437 issi
1111 2376 1156 2460 τῷ
1177 2369 1234 2439 τὸν
1271 2442 1276 2450 ,

145 2477 289 2562 θόρυβον
308 2481 518 2555 καταστεῖλαι,
549 2476 639 2555 ,ἀλλ’
660 2477 765 2562 ε’κεινηι
794 2476 873 2555 μὲν”
898 2472 914 2538 ὃ
935 2474 1034 2554 μέγας
1054 2473 1255 2552 δομέστιιιος.

144 2571 208 2661 ἔφη
225 2573 481 2658 ,συνεβούλευσα
501 2575 601 2656 μηδὲν
615 2575 785 2656 προσθέντι
798 2581 863 2650 τοῖς
877 2573 1050 2657 εἰρημένοις
1063 2571 1236 2650 ἀπελθεῖν,

145 2671 230 2737 ούτω
260 2670 399 2738 συνιδών
433 2667 552 2759 ῥᾳδίως
583 2671 746 2736 διαλύσειν
765 2671 823 2755 την
859 2671 1060 2758 φιλονεικῶν,
1094 2663 1236 2763 μάλιστα
1276 2697 1279 2702 ·

143 2770 221 2856 περί
249 2773 329 2853 ἐμοῦ
355 2773 569 2856 γεγενημένην.
620 2771 674 2836 σοί
693 2773 748 2855 δὲ,
775 2769 820 2856 μη
841 2769 899 2855 τήν
918 2765 1097 2834 αύθοὶδειαν
1117 2766 1237 2852 ἀτιμού-

199 2944 226 2980 a.
243 2927 293 2978 sol
308 2925 399 2998 μηδὲν
419 2925 520 2997 ἔλεγεν
539 2922 615 3000 πρδι·
631 2917 738 2988 αύτούς
754 2927 792 2981 ld.
867 2929 1109 3004 ι6.πατριοίρχηΡ.

142 3073 207 3142 ipso
229 3069 337 3123 conscio
366 3075 395 3122 et
413 3070 483 3122 clam
503 3069 569 3123 talis
593 3071 726 3124 moliente
751 3071 815 3125 dici.
850 3072 1003 3127 Patriarcha
1027 3087 1121 3126 eorum
1144 3086 1232 3123 assen-

141 3139 216 3192 tioni
244 3138 396 3204 adversari,
424 3148 452 3194 et
476 3139 548 3192 nihil
570 3140 749 3206 turbandum,
779 3139 899 3208 stadiis,
924 3160 994 3214 quae
1012 3140 1178 3210 imperatrici
1204 3147 1233 3192 et

140 3227 244 3281 magno
269 3209 418 3263 domestico
443 3212 627 3280 placuissent,
662 3211 871 3284 obsequendum
898 3214 1071 3266 contendere.
1107 3210 1175 3263 Com
1201 3210 1233 3263 in

138 3283 196 3335 hoc
212 3288 286 3333 esset
303 3281 485 3334 controversia
503 3283 562 3333 cius
584 3298 617 3332 ne
642 3291 790 3354 conspectu
814 3300 907 3337 omnes
932 3283 1144 3344 conticuissent,
1169 3280 1231 3333 aliis

140 3352 258 3422 quidem
275 3350 353 3402 velut
370 3353 453 3403 iratus
471 3351 543 3403 nihil
560 3300 644 3404 dixit:
672 3353 856 3421 patriarcham
877 3361 968 3404 autem
987 3353 1138 3421 increpuit,
1156 3349 1233 3436 quod

139 3419 304 3473 hominihus
323 3421 519 3491 insipientibus
542 3437 618 3472 aures
639 3423 836 3478 commodasset
854 3431 884 3474 et
907 3424 1049 3476 rethorum
1077 3437 1137 3472 cum
1164 3421 1232 3491 ipsis

140 3491 344 3562 digladiatione
364 3491 458 3544 turbas
477 3493 627 3544 excitasset
663 3493 780 3546 Proinde
797 3496 904 3561 litigare
922 3501 1052 3546 cessaret:
1074 3490 1184 3544 domurn
1201 3507 1231 3544 se

138 3568 312 3631 capesseret:
328 3563 463 3630 postridie
480 3579 572 3614 secum
591 3561 625 3612 dc
643 3562 692 3615 lite
710 3571 836 3617 acturust
862 3572 890 3615 et
910 3563 948 3616 ita
966 3580 1053 3635 usque
1076 3561 1111 3614 ad
1128 3578 1231 3632 equum

139 3632 277 3694 deduxit,
298 3631 349 3683 lroc
366 3632 456 3684 officio
475 3630 649 3700 obiurgatum
666 3633 819 3697 deliniens,
847 3633 922 3703 quod
945 3642 1007 3687 ante
1028 3649 1084 3686 non
1106 3631 1230 3692 solebat,

137 3703 240 3757 sedin
270 3704 459 3768 penetralibus
485 3703 583 3772 palatii
604 3703 760 3761 ⁴valedicere
788 3721 820 3757 ac
844 3707 944 3757 reverti
970 3710 1153 3760 consueverat.
1186 3701 1231 3756 hd

138 3770 343 3844 inperatricem
361 3779 452 3826 sutem
470 3773 598 3835 rediens,
622 3773 754 3827 turnultus
772 3791 880 3826 causam
907 3782 998 3826 narrat
1022 3779 1051 3824 et
1071 3789 1126 3844 quo
1144 3781 1230 3894 pacto

138 3841 328 3916 patriarcham
355 3851 467 3912 propter
496 3844 716 3912 intempestivam
751 3844 979 3898 concertationem
1009 3843 1142 3911 reprehen
1163 3843 1230 3895 isset

139 3913 276 3986 quodque
295 3911 441 3965 stultorum
464 3929 601 3965 sermones
629 3915 738 3983 ineptos
763 3916 946 3967 attendisset:
976 3921 1004 3966 et
1027 3929 1088 3966 eum
1113 3914 1155 3965 oti
1180 3911 1230 3965 do-

138 4001 215 4040 num
235 3979 341 4044 ahirot,
360 3983 555 4036 admonuisset
591 3983 769 4038 Asseverahat
787 3984 853 4038 item
871 4001 903 4035 ac
919 3985 1007 4037 Deum
1028 3989 1124 4036 testem
1144 3982 1230 4034 iacie-

138 4053 206 4116 bat,
224 4069 255 4104 se
280 4051 385 4105 nullius
405 4051 502 4104 horum
520 4068 578 4105 esse
596 4055 746 4106 conscium:
774 4053 823 4106 sed
846 4053 882 4105 ab
907 4055 1041 4121 imperitis
1064 4051 1229 4122 quibusdam

137 4123 261 4193 superbe
279 4137 312 4172 ao
329 4121 429 4174 stolide
454 4139 485 4176 ea
509 4123 621 4175 moveri.
657 4123 747 4192 Quem
775 4142 837 4177 cum
864 4124 898 4178 de
922 4124 1009 4177 turbis
1030 4123 1131 4176 sedatis
1155 4135 1229 4171 com-

137 4192 286 4249 mendaret
302 4187 477 4260 imperatrix,
506 4191 559 4246 Sed
577 4191 620 4246 illi
633 4191 768 4315 paidom,
790 4193 883 4264 inquit
907 4210 1018 4262 magnus
1045 4190 1227 4254 domesticus,

137 4263 232 4336 suast,
250 4263 324 4322 nihil
341 4260 486 4320 rethorum
503 4261 616 4322 adderet
651 4281 799 4340 omumque
817 4265 982 4332 discederem
1002 4261 1167 4329 intelligens,
1186 4259 1227 4314 sio
