3125 4900
464 371 750 441 fflssomsnuu
777 376 836 439 ιιι.
856 379 909 449 ιι.
1140 354 1230 457 465

6 541 9 577 ¹
141 531 267 613 Ἀρείας
293 522 312 591 ό
340 524 421 593 καπό
451 529 598 613 Χριστοό
617 528 747 610 μανείς,
780 530 840 591 καί
855 524 918 615 πρό
934 531 993 614 τῆς
1010 530 1146 598 συνόδου
1167 539 1381 623 sichemita

7 666 9 696 ι
141 623 229 713 inpie
249 625 305 691 καί
322 626 379 711 τῆς
402 628 535 710 ἐκτομῆς
562 630 621 691 τοῦ
649 630 762 691 λοιποό
791 629 850 711 τῆς
875 630 1043 713 ἐκκλησίας
1063 632 1233 716 σώματος,

6 729 9 768 ²
140 727 360 810 ἐκτετμημένος
387 724 476 811 παρὰ
498 729 578 789 θεοῦ
599 724 812 811 ἀπεκαλύφθη
853 724 910 790 καί
926 730 1053 812 γεέννης
1071 722 1160 811 όξιος
1178 732 1236 799 καί

140 828 196 907 τῆς
223 826 259 890 ἐν
286 821 367 911 ᾅδου
394 826 577 909 καταδίκης·
626 814 667 888 όν
693 846 729 888 τε
748 806 851 908 μηδέν’
868 828 1012 891 τοιοῦτον
1032 828 1236 912 εἰργασμένος

6 965 9 980 .
124 924 318 1009 5φοίνηται,
351 921 433 987 α’λλόι
463 918 573 1003 νόμοις
598 923 678 987 θεοό
705 924 873 1006 προσέχων
900 925 958 989 καί
983 934 1053 1001 ταῖς
1072 930 1236 1013 ἐντολαῖς,

142 1022 180 1087 αΐ
194 1019 336 1104 μάλιστα
355 1022 450 1105 με’λος
470 1016 552 1087 εἶναι
572 1023 718 1106 Χριστοῦ
741 1024 909 1102 ποιοῦσιν,
940 1022 1001 1089 οόκ
1020 1018 1060 1089 όν
1080 1020 1135 1091 ἐπ’
1155 1029 1237 1093 ἐκεί-

142 1142 198 1187 νου
217 1124 407 1205 χωρισθείη,
431 1114 472 1185 ἐν
493 1117 619 1195 πόθους
638 1121 730 1184 ἕνεκα
752 1120 838 1183 ἰδίου
860 1117 891 1184 οῖ
911 1110 1075 1208 α’ρχιερεῖς
1087 1124 1237 1211 χωρίζω-

143 1214 201 1287 σεν.
242 1218 259 1283 ό
287 1218 347 1304 γὰρ
377 1222 478 1303 μέγας
495 1214 644 1303 λαμπτὴρ
665 1222 725 1301 τῆς
744 1220 928 1311 οἰκουμένης
946 1217 1093 1307 Ἰωάννης
1113 1222 1131 1288 ό
1152 1242 1262 1310 χρυ-Β

143 1320 219 1393 συός
245 1316 304 1401 τὴν
323 1322 485 1402 γλῶτται,
518 1321 576 1403 τῆς
596 1318 729 1403 ποίμνης
751 1316 869 1395 α’δίκως
888 1314 952 1383 δπό
973 1326 1038 1386 τιόν
1056 1321 1239 1390 ἐπισκόπων

7 1470 8 1489 1
109 1418 317 1493 ιοιέπελαθείς
346 1416 404 1484 καί
431 1424 557 1493 πολλοῖς
584 1426 690 1495 κακοῖς
716 1417 956 1502 προσομιλήσας
992 1418 1048 1483 καί
1067 1421 1242 1511 δφοριομηῖ

143 1519 199 1581 καί
217 1518 398 1599 α’ναθέματι
417 1513 633 1601 ὑποβληθείς,
655 1516 749 1581 οόδὲν
772 1511 913 1599 ἐπέβαλε
938 1519 995 1600 τῆς
1017 1517 1125 1602 δόξης·
1167 1521 1239 1586 ἀλλ’

143 1618 258 1693 ἐκεῖνος
281 1617 339 1697 μὲν
371 1619 416 1691 εἰς
444 1610 498 1680 nes*
522 1618 656 1703 Χριστῷ
682 1610 809 1681 σόνεστι
828 1613 1123 1701 συνδοξαζόμενος,“
1139 1618 1169 1683 οἱ
1186 1617 1242 1692 ἐκ-,

144 1712 286 1795 τεμόντες
306 1716 343 1778 δὲ
365 1717 485 1796 μᾶλλον
506 1709 640 1789 ἓαυτοός
661 1718 716 1797 τῆς
737 1710 827 1797 δόξης
848 1708 1063 1800 η’λλοτρίωσαν
1077 1718 1135 1782 τοῦ
1146 1714 1243 1799 θεοῦ,

146 1809 257 1901 φθόνῳ
296 1814 353 1876 καί
390 1815 587 1900 συκοφαντίρι
615 1811 671 1876 καί
699 1815 835 1901 διαβολῇ
875 1816 935 1877 καί
966 1822 1096 1901 μυρίοις
1132 1808 1251 1893 ἄλλοιςΙ

107 1910 282 2005 ιόπόθεσιυ
309 1908 455 1986 ἐκδότους
484 1906 620 1987 ἐαυτοός
651 1907 865 1994 πεποιηκότες.
915 1916 948 1978 εἰ
973 1916 1033 1995 μέν
1052 1907 1111 1979 οόν
1132 1940 1166 1979 τι
1184 1912 1243 1979 καί

145 2012 244 2085 ου’τὸς
263 2014 344 2091 ἐμοῦ
374 2013 515 2079 τοιοῦτον
544 2008 611 2093 ἔχει
639 2018 838 2095 κατηγορεῖν,
860 2004 928 2078 οἷον
951 2009 1035 2078 εἶναι
1063 2004 1151 2092 ἄξιον
1173 2009 1237 2081 όπό

143 2111 222 2174 θεοῦ
238 2108 412 2193 χωρίζειν,
440 2112 555 2193 λεγέτω
581 2107 638 2174 καί
655 2107 825 2193 δεικνότω,
847 2110 977 2195 κοίτην
995 2135 1030 2175 τε
1050 2114 1233 2199 ἐπιτίμησιν

146 2206 223 2273 οἴσω
257 2205 365 2296 πρᾴως
393 2211 448 2273 καί
476 2208 556 2295 πρός
586 2211 650 2275 ταῖν
677 2207 909 2297 ἡμαρτημένων
936 2206 993 2294 τὴν
1015 2210 1236 2297 ἐπανόρθωσιν
1346 2198 1350 2204 ¹

146 2310 254 2372 πεῖσαν
281 2309 477 2388 ἐπιδείξομαι
508 2304 658 2391 σπουδήν.
710 2308 741 2372 εἰ
769 2309 798 2373 δ’
826 2310 944 2385 οἰκείας
972 2311 1126 2393 ἐβουλόκς
1145 2311 1236 2379 ἕνεκα

22 2412 27 2421 ’
101 2408 202 2478 ποκαί
230 2404 353 2494 φθόνου
386 2408 442 2472 καί
463 2408 695 2492 συκοφαντίας,
728 2401 779 2473 ότι
803 2404 848 2491 μη
870 2410 1029 2492 παρέσχον
1047 2409 1264 2496 κατασφότ-ὒ

146 2529 214 2572 soto
240 2504 389 2588 ἐμαυτόν,
412 2503 474 2570 dni
496 2507 574 2570 θεοῦ
595 2502 745 2589 χωρίζειν
765 2501 857 2586 ἔγνω,
882 2505 1043 2587 σκοπείτω,
1062 2507 1107 2591 μη
1128 2509 1169 2571 ου’
1196 2511 1241 2575 δι’

146 2607 227 2686 ἐμοῦ
245 2607 376 2687 μᾶλλον,
397 2598 419 2688 ἢ
439 2599 556 2668 ἑαυτοῦ
576 2601 610 2667 τό
633 2608 723 2689 ξίφος
743 2595 879 2686 ιόθησευ·
922 2603 960 2666 οδ
979 2600 1054 2688 γὰρ,
1072 2604 1248 2684 Διονύσιος,

147 2702 167 2768 ό
186 2705 303 2794 μόγις,
325 2705 464 2770 ἕπεσθαί
470 2753 481 2786 ,
504 2726 604 2789 φησι,
631 2698 666 2766 τό
687 2705 776 2768 θεῖον
798 2710 870 2779 ταῖς
886 2697 1078 2790 παραλόγοις
1096 2707 1162 2772 τῶν
1182 2705 1244 2791 α’ρ-·

220 2877 246 2929 η.
264 2857 294 2912 οἱ
311 2875 366 2912 om.
378 2857 422 2912 ·P.'
469 2876 508 2930 ιφ
527 2859 622 2918 οἰκίας
640 2857 671 2912 i’.

148 2976 241 3030 henna
259 2980 463 3049 inferorumque
489 2978 634 3050 suppliciis
661 2979 774 3048 dignum
801 2993 877 3042 esse,
904 2978 1038 3032 divinitus
1068 2973 1245 3032 demonstra·

147 3055 209 3099 οιιιιι
227 3055 276 3101 est.
324 3051 355 3102 si
380 3065 445 3102 seeo
469 3051 543 3102 nihil
571 3051 625 3102 tale
649 3049 748 3101 fecisse
774 3056 880 3100 certum
907 3051 962 3111 sit,
985 3047 1036 3100 sed
1056 3065 1121 3099 eum
1140 3049 1244 3101 divinis

147 3133 247 3189 parere
273 3121 446 3188 praeceptis,
473 3135 544 3190 quae
569 3121 688 3172 maxime
708 3118 847 3180 efficiunt,
875 3127 908 3170 nt
926 3119 956 3168 in
974 3116 1106 3170 membris
1139 3116 1247 3172 Christi

148 3203 338 3251 numeremur,
359 3206 415 3243 non
433 3193 532 3262 utique
551 3191 586 3240 ob
605 3191 656 3242 iilo
674 3188 858 3259 separabitur,
876 3187 901 3241 si
919 3194 996 3238 motu
1014 3188 1110 3257 aliquo
1131 3186 1247 3242 turbido

150 3267 181 3312 et
195 3276 213 3310 a
240 3259 346 3311 satione
371 3275 465 3314 averso
498 3262 622 3330 episcopi
648 3259 728 3310 iilum
746 3258 871 3312 iideiiuna
889 3257 1087 3310 communitate
1106 3256 1248 3325 prohibu-

150 3329 232 3382 erint.
268 3328 397 3396 Magnum
416 3332 490 3382 enim
508 3331 582 3382 orbis
602 3339 737 3384 terrarum
755 3329 860 3392 lumen,
879 3329 995 3379 loannes
1014 3327 1064 3380 ilie
1081 3330 1137 3380 oris
1157 3328 1252 3390 aurei,

149 3416 203 3472 per
225 3397 304 3450 nefas
329 3413 345 3447 a
375 3415 452 3470 grege
480 3417 529 3454 suo
555 3401 748 3468 episcoporum
777 3398 915 3451 sententia
942 3396 1040 3468 inique
1064 3397 1197 3465 depulsus
1215 3413 1248 3449 ao

150 3467 280 3541 pluribus
308 3469 427 3522 miseriis
456 3478 566 3540 opertus
595 3477 624 3521 et
650 3469 827 3522 anathemate
848 3485 1014 3538 percussus,
1039 3467 1074 3518 de
1093 3469 1180 3535 gioria
1197 3472 1248 3518 sua

151 3554 205 3593 neo
229 3539 317 3592 hilum
345 3539 448 3596 amisit.
495 3541 596 3594 Verum
627 3541 651 3591 is
670 3539 781 3609 quidem
801 3554 862 3590 cum
878 3538 991 3592 Christo
1009 3552 1117 3606 semper
1135 3538 1204 3591 vivit
1221 3544 1251 3590 et

152 3625 217 3663 eum
250 3609 347 3662 eodem
379 3608 546 3662 honoratur:
581 3611 629 3679 qui
648 3618 741 3661 autem
765 3609 845 3660 ilium
868 3608 1062 3660 communione
1086 3608 1250 3671 multarunt,

151 3681 240 3748 magis
257 3687 345 3732 semet
359 3681 432 3750 ipsos
451 3697 467 3732 ε
486 3681 537 3733 Dei
556 3679 641 3749 gloria
659 3678 827 3742 alienarunt,
843 3677 961 3741 invidia,
984 3678 1182 3746 sycophantia,
1195 3677 1250 3731 ob-

152 3753 320 3806 trectatione
348 3761 377 3803 et
399 3750 463 3802 aliis
488 3751 594 3802 uitiosis
616 3747 806 3811 motionibus,
833 3746 935 3818 quibus
959 3762 989 3799 τε
1008 3747 1183 3800 subiecerant
1205 3749 1251 3802 vel

155 3823 296 3874 trecentis.
342 3823 410 3888 Ergo
438 3823 461 3872 si
487 3823 547 3892 ipse
574 3819 717 3890 quippiam
739 3818 900 3870 huiusmodi
918 3817 988 3870 mihi
1004 3826 1099 3888 potest
1116 3818 1252 3882 obiicere,

178 3889 234 3942 uod
255 3905 296 3941 ιιιε
315 3907 330 3942 ε
350 3894 408 3942 Deo
426 3892 487 3942 iure
507 3897 625 3958 separet,
647 3889 779 3958 proferat,
797 3888 934 3951 ostendet,
952 3896 981 3942 et
1000 3904 1117 3958 poenam
1142 3887 1251 3941 modice

155 3908 246 4014 ἐτι-σοι
266 3966 349 4026 atque
371 3963 407 4014 ad
427 3961 648 4014 emendationem
666 3967 842 4026 peccatorum
861 3975 985 4010 meorum
1007 3976 1115 4012 omnem
1133 3959 1253 4027 diiigen-

156 4031 227 4084 sian
243 4029 390 4084 adhibebo,
428 4033 458 4084 si
478 4039 568 4084 nutem
589 4047 637 4082 sua
655 4029 742 4099 ipsius
761 4029 908 4093 dementia,
925 4028 1033 4081 invidia
1052 4039 1082 4082 et
1099 4029 1254 4098 sycophan-

157 4101 201 4154 tia
221 4100 363 4160 incitatus,
384 4103 448 4222 ηοίε
467 4119 509 4154 me
528 4102 569 4152 iiii
589 4099 768 4170 iugulandum
788 4098 896 4152 tradere
914 4099 1002 4160 nolui,
1020 4117 1036 4150 a
1051 4102 1110 4154 Deo
1128 4113 1255 4166 separare

157 4175 440 4307 Χέαιήέιέωόίεέἐλειε
458 4243 588 4311 scriptum
608 4246 696 4292 exstat
708 4240 783 4308 apud
801 4254 928 4308 magnum
945 4242 1118 4307 Dionysium,
1132 4236 1256 4291 divinum

158 4324 266 4365 numen
283 4323 344 4360 oum
362 4311 469 4364 ratione
488 4317 641 4382 pugnantes
659 4310 852 4382 episcoporum
867 4311 1027 4364 affectiones
1045 4326 1103 4363 non
1121 4309 1256 4382 seqnitur·

202 4409 412 4468 camanum
432 4412 470 4467 11.
621 4409 624 4419 '
1021 4411 1058 4465 3ο

403 4180 456 4234 εει,
475 4189 510 4224 ne
529 4174 559 4224 in
575 4187 604 4224 τε
625 4170 735 4239 potius,
755 4185 839 4240 quam
856 4172 886 4220 in
903 4185 957 4234 me,
975 4171 1096 4240 gladium
1118 4169 1256 4222 desuerit.
