3125 4900
347 314 426 401 130
743 332 1022 403 misiconem

192 507 260 563 bc.
273 508 393 578 οεδιπυς
420 495 620 575 διαμέλλειν,
659 484 727 556 ἀλλ’
755 484 819 575 ήδη
839 491 915 574 περὶ
937 486 1093 573 σωτηρίας
1113 483 1213 572 αότῆς
1233 510 1268 553 τε
1289 492 1346 553 καί
1361 493 1428 555 τοῖν

316 597 453 660 estavar
474 594 686 674 σκέπτεσθαι,
715 588 941 673 ἀνεμίμνησκεν
960 586 982 669 ή
1002 584 1128 669 βασιλίς
1146 590 1211 652 τοῖν
1229 586 1309 672 πρός
1328 588 1427 672 ἀλλή-

338 699 415 767 λους
446 684 534 755 οὔπω
564 694 646 774 χθὲς
671 686 728 753 καί
753 685 862 773 πράην
882 688 931 751 s’n'
952 688 1054 749 ου’τοῦ
1071 688 1281 770 γεγενημένων
1301 681 1424 773 ὅρκων,

337 792 372 856 ἐν
391 784 440 866 οἷς
471 782 552 856 ἀλλο
573 813 610 853 τε
625 786 731 874 εἴρητο
751 788 796 877 τῷ
815 784 942 873 μεγάλην
963 785 1156 875 δομεστόιφ,
1188 784 1342 872 ἔφασκεν,
1363 782 1428 851 ὅσα

337 885 489 971 σύνισμεν
520 886 615 952 edroi
626 938 635 967 ‚
669 885 803 973 καίπρό
824 888 888 951 τῶν
909 876 1197 968 deserendum,
1230 886 1301 969 ἵνα,
1326 878 1367 949 ἀν
1393 893 1448 958 τις

338 990 541 1076 κατηγορηθῇ
561 984 649 1073 παρά
670 1010 776 1068 τινος,
808 984 853 1070 μή
881 986 1002 1070 ἐρήμην
1022 980 1123 1061 οὕτως
1143 986 1261 1051 ἐκεινου
1282 1002 1426 1069 καταψη-

338 1089 490 1175 φίζεσθαι
518 1084 629 1170 ήμᾶς,
664 1081 731 1149 ἀλλ’
753 1084 808 1150 ε’πί
827 1088 916 1168 δίκην
935 1087 1131 1158 καλέσαντας
1149 1085 1204 1151 καί
1228 1082 1326 1149 τόπον
1345 1080 1427 1148 ἀπο·

336 1189 447 1269 λογίας
466 1186 749 1269 παρασχομένους,
778 1178 818 1249 ἀν
836 1186 897 1265 μὲν
916 1177 1037 1249 ἀδικοῖν
1059 1179 1224 1269 ἁλίσκηται
1243 1184 1301 1247 καί
1318 1186 1427 1268 ἐπιορ·

335 1290 419 1367 κῶν,
451 1286 539 1360 δίκας
569 1282 628 1359 τός
649 1278 784 1367 ἐσχάτας
804 1285 963 1349 ἀπαιτεῖν·
1002 1276 1042 1348 ἀν
1062 1286 1098 1348 dl
1117 1285 1218 1367 μηδὲν
1238 1284 1342 1371 προσῇ
1361 1290 1427 1358 τοῖς

335 1386 512 1469 εἰρημένοις
538 1382 668 1468 ἀληθὲς,
689 1385 753 1447 τῶν
773 1380 975 1467 ἐγκλημάτων
992 1384 1052 1465 μὲν
1072 1384 1189 1447 ἐκεῖνον
1210 1376 1409 1447 ἀπολύεσθαι
1416 1408 1469 1464 ,ro

303 1486 408 1561 crude
428 1481 629 1571 συκοφάντας
649 1485 684 1547 δὲ
706 1480 787 1547 αότό
808 1484 910 1567 τοῦθ’,
943 1476 1019 1568 όπερ
1043 1484 1125 1547 εἰσίν
1136 1531 1147 1563 ,
1169 1480 1428 1565 duodecimus-ios,

336 1579 551 1669 συκοφάντας.
591 1581 664 1647 νυνί
684 1584 720 1647 δὲ
740 1584 864 1647 πολλῶν
884 1574 982 1647 όντων
999 1584 1065 1647 τοῖν
1085 1574 1233 1659 ἀπιστίας
1252 1583 1308 1645 καί
1319 1582 1428 1664 ε’πιορ·

336 1688 407 1777 ριίοις
427 1680 612 1763 διωκόντων,
643 1682 758 1749 οδδίνα
779 1680 876 1769 όρρῖν,
899 1677 935 1757 ός
954 1683 1213 1765 ἀντικαταστήναι
1232 1677 1308 1762 πρὸς
1330 1672 1429 1745 airis

334 1784 390 1849 ε’πί
408 1787 464 1867 τής
486 1785 574 1867 δίκης
593 1782 760 1867 τολμήσει,
793 1777 868 1845 ὥστ’
889 1782 1062 1862 ἐξελέγχειν
1082 1774 1262 1848 ἀδικοῦνται
1305 1779 1344 1843 οά
1361 1776 1428 1862 μήν

338 1876 409 1946 ἀλλ’
432 1884 508 1945 οὐδὲ
529 1885 586 1946 νῦν
605 1906 677 1945 τινα
698 1876 877 1965 διαρρήδην
898 1880 1016 1943 ἐκείνου
1037 1887 1236 1963 κατηγορεῖν,
1259 1874 1470 1961 decapoli-15

335 2006 399 2045 των
420 1982 523 2053 κακῶς
543 1970 646 2043 aimus
667 1981 722 2043 καί
741 1978 894 2064 προδότης
913 1978 987 2061 περὶ
1007 1981 1082 2061 ἐμὲ,
1104 1973 1179 2043 ὥστ’
1199 1980 1317 2043 ἐκτῶν
1337 1982 1425 2059 λεγο·

335 2080 438 2161 μένων
466 2078 522 2141 καί
540 2078 638 2162 αότήν
658 2075 743 2160 ἔχειν
763 2082 917 2165 συνσρᾷν,
946 2081 978 2142 εἰ
995 2075 1193 2163 συκοφαντία
1212 2075 1253 2141 τά
1274 2077 1426 2159 εἰρημένα

335 2172 358 2260 ἢ
385 2179 536 2261 ἀληθείας
563 2175 676 2259 ἔχεταί
698 2200 792 2253 τινος.
833 2178 903 2241 ἀλλ’
924 2174 1024 2253 οὕτως
1043 2173 1149 2261 ιόσπερ
1170 2177 1205 2240 ἐκ
1227 2170 1427 2261 συνθήματος

333 2275 450 2350 πάντες
470 2272 569 2340 adreel
594 2279 868 2361 καταψηφίζσνται
889 2274 948 2360 τήν
966 2277 1130 2358 βασιλείοις
1146 2275 1305 2360 ἁρπαγήν,
1324 2275 1426 2358 μηδὲν

336 2378 431 2439 πλέον
452 2375 681 2459 προστιθέντες.
702 2370 739 2439 orl
759 2373 799 2459 δή
820 2377 959 2458 δίκαιον,
981 2368 1045 2440 οὔτ’
1059 2368 1162 2451 άλλως
1176 2374 1328 2458 εὐπρεπὲς
1340 2376 1470 2456 ε’ριοί,αο

337 2483 401 2550 τοῖς
422 2472 507 2559 παρὰ
527 2476 589 2539 τῶν
608 2477 731 2539 πολλῶν
752 2479 939 2539 πεισθεῖσαν
953 2473 1076 2558 λόγοις,
1098 2475 1191 2540 addis
1201 2477 1331 2558 βέβαιον
1348 2471 1426 2558 πρός

339 2573 499 2650 ἀπόδειξιν
520 2571 630 2656 ἔχουσι
651 2579 709 2658 τής
729 2575 902 2659 ἀληθείας,
925 2570 1064 2654 πόλεμον
1081 2571 1163 2660 πρός
1182 2577 1299 2640 ἐκεῖνον
1318 2571 1427 2661 ἐμφό-

302 2677 406 2746 υλιον
427 2681 534 2738 κινεῖν.
580 2674 619 2737 osi
639 2672 700 2760 γάρ
721 2677 785 2740 τῶν
804 2675 927 2740 πολλῶν
947 2665 1012 2758 είς,
1033 2669 1110 2740 ὥστ’
1129 2673 1228 2740 odrae
1247 2673 1350 2764 ῥᾷστα
1368 2695 1426 2739 πε-
1485 2710 1487 2717 ·

412 2855 449 2908 ri.
471 2853 542 2924 όρᾷν
560 2855 622 2908 add.
643 2853 681 2906 M.

338 3005 427 3058 salute
445 3005 559 3059 laborer.
597 3002 715 3058 liedibat
738 3014 830 3057 autem
849 3007 879 3058 in
898 3006 1056 3060 memoriam
1082 3007 1259 3075 imperatrix.
1285 3003 1426 3074 quomodo

338 3077 544 3139 recentissime,
562 3077 623 3145 ipso
640 3075 792 3145 patriarcha
810 3085 968 3144 praesente,
998 3079 1134 3131 iurassent
1153 3087 1293 3137 mutuum,
1314 3072 1426 3146 quaudo

339 3148 438 3199 utalia
457 3147 559 3200 dixerit
574 3163 686 3217 magnus
707 3145 887 3210 domesticus,
914 3161 985 3218 quae
1002 3148 1056 3218 ipsi
1073 3163 1164 3200 secum
1183 3146 1375 3207 recordentur,
1397 3153 1429 3197 et

337 3217 390 3270 boc
408 3219 551 3287 inprimis,
577 3225 608 3270 ut
633 3218 656 3268 si
677 3217 745 3289 quid
770 3225 959 3282 accusaretur,
986 3234 1022 3268 ne
1047 3218 1188 3271 absentem
1216 3216 1320 3269 indicta
1346 3231 1427 3266 causa

338 3286 516 3351 damnarent,
535 3287 583 3341 scd
604 3289 633 3338 iu
653 3288 787 3340 iudicium
804 3293 919 3352 vocato,
945 3288 1035 3342 locum
1054 3288 1223 3340 defensionis
1249 3287 1364 3347 darem,
1396 3293 1428 3338 ct

338 3357 475 3426 siquidem
495 3358 613 3410 iniustus
632 3373 664 3409 ae
682 3358 809 3426 periurus
829 3357 1044 3427 comperiretur,
1066 3368 1187 3413 extremo
1207 3374 1268 3408 eum
1286 3355 1427 3424 supplicio

338 3424 514 3496 addicerent,
541 3429 584 3479 sin
604 3428 712 3480 abesset
734 3426 769 3476 ab
788 3429 961 3480 accusatione
977 3429 1096 3489 veritas,
1123 3427 1281 3480 criminibus
1301 3427 1430 3478 absolve-

338 3505 401 3550 rent
419 3507 446 3548 et
464 3497 643 3564 sycophantas
661 3498 714 3549 hoc
732 3499 837 3568 ipsum,
858 3495 933 3567 quod
951 3507 1030 3560 suut,
1048 3499 1232 3551 ostenderent.
1269 3499 1348 3549 Nunc
1365 3511 1430 3546 eum

339 3569 419 3620 illum
443 3567 575 3635 perfidiae
603 3583 634 3617 ac
652 3569 767 3638 periurii
793 3569 873 3620 multi
897 3569 1076 3632 insimulent,
1102 3571 1239 3620 neminem
1261 3586 1290 3620 sc
1319 3565 1430 3627 videre,

339 3638 389 3707 qui
410 3637 436 3688 ci
452 3639 482 3688 in
501 3637 602 3690 iudicio
622 3655 650 3689 se
669 3654 809 3707 opponere
827 3645 856 3689 et
872 3653 922 3707 pro
946 3639 1078 3691 scelerato
1103 3655 1214 3708 arguere
1234 3638 1349 3703 οπόροις
1378 3634 1430 3688 scd

338 3723 390 3757 nec
409 3708 456 3777 qui
476 3706 616 3760 manifeste
641 3725 702 3759 curn
725 3717 850 3772 accuset,
891 3711 948 3761 nasi
968 3712 1015 3780 qui
1035 3708 1181 3776 malignum
1202 3726 1230 3760 se
1249 3717 1277 3759 et
1300 3705 1430 3777 prodito·

340 3793 397 3828 sem
414 3779 473 3829 cius
493 3776 700 3830 demonstrarit.-
726 3787 758 3830 ut
777 3797 811 3832 ex
834 3727 936 3832 aulicis
960 3779 1029 3831 hauc
1052 3778 1217 3830 delationem
1240 3794 1321 3850 puras
1346 3785 1429 3845 putas

341 3861 399 3898 csse
424 3847 573 3899 calumnias
598 3850 706 3918 potius,
739 3865 820 3918 quam
850 3847 957 3920 aliquid
981 3852 1105 3902 veritatis
1132 3849 1250 3909 habere,
1271 3849 1429 3916 perspicere

342 3926 442 3986 queat,
463 3925 491 3970 et
509 3917 584 3969 velut
601 3933 635 3968 ex
652 3921 802 3987 composito
819 3919 853 3971 ab
873 3921 1014 3981 omnibus,
1038 3920 1116 3971 nullo
1136 3928 1295 3989 argumento
1319 3925 1350 3968 ut
1374 3919 1430 3968 im·

341 3987 413 4055 perii
436 3985 587 4040 invasorem
612 4006 687 4040 rcum
705 3993 806 4060 peragi.
842 3988 904 4042 Non
929 3992 1024 4060 itaque
1050 3991 1151 4041 insutum
1176 4006 1251 4050 csse,
1276 4005 1328 4040 nec
1349 4003 1429 4038 suam

291 4067 301 4080 ·
341 4057 437 4110 decere
475 4074 612 4120 creonam,
630 4060 776 4111 multorum
795 4060 981 4125 sermonibus,
1004 4059 1077 4112 nihil
1095 4060 1130 4111 ad
1147 4059 1337 4128 probationem
1356 4056 1430 4109 verl-

340 4127 405 4180 tatis
424 4075 542 4181 solidum
561 4129 784 4193 contineutibus,
810 4130 966 4193 credulam,
990 4130 1094 4182 bellurn
1112 4130 1193 4182 civile
1217 4129 1345 4180 adversas
1363 4141 1428 4178 eum

341 4199 488 4267 inceptare.
526 4197 586 4252 Nou
605 4213 663 4253 esse
680 4217 765 4252 uuum
785 4198 819 4250 dc
836 4199 920 4270 plebe
938 4201 1042 4261 infima,
1051 4209 1082 4252 ut
1101 4215 1184 4268 opera
1203 4199 1338 4252 levissima
1360 4195 1430 4248 sub-

341 4267 437 4336 igatur.
491 4266 546 4323 Sed
574 4286 645 4342 quae
669 4286 744 4326 nunc
767 4269 841 4325 dicta
867 4271 941 4338 sint,
967 4287 1060 4327 eorum
1086 4269 1159 4325 nibil
1181 4271 1209 4324 si
1233 4260 1430 4335 indicandum
