3125 4900
513 304 796 371 nrsnommuu
825 308 886 370 ιιι
899 309 952 379 ιν.
1205 276 1284 377 41¹

220 448 341 526 είνοίας
361 448 477 529 πολλὰς
498 452 649 535 ιδμαλόγει
668 450 825 537 χάριτας·
857 448 1062 534 συνεβούλευε
1085 452 1131 533 δὲ,
1150 450 1222 517 test
1242 447 1286 534 μή
1296 470 1357 526 nc,
1370 470 1436 540 1³43

219 550 339 613 πειθειν
368 544 469 615 cidere
508 554 643 633 ἐγένετο,
686 554 854 636 πρεσβείαν
872 550 951 635 πρὸς
979 549 1130 633 βασιλίδα
1156 553 1315 631 πέμπεινΒ

218 648 262 721 εἰς
284 644 458 727 Βυζάντιον
485 648 539 715 καί
556 648 687 731 Ιὁμοίους
710 662 774 726 τοῖς
798 655 959 736 προτέροις
981 654 1055 735 περί
1081 651 1137 734 τῆς
1166 645 1292 735 εἰρήνης

216 752 380 811 ποιεῖσθαι
412 747 522 829 λόγους
541 748 596 815 καί
622 748 680 834 τήν
711 750 861 830 ιίβουλιλιν
894 750 1057 826 ὀνειδίζειν
1085 750 1213 829 adroic,
1242 742 1292 813 ὅτι
1372 747 1375 753 ’

136 880 145 891 ·
200 840 274 909 trita*
296 843 408 929 ταύτην
427 849 465 933 τῇ
486 847 649 927 ‘Peperine
670 848 820 937 ήγεμονίρ
846 852 962 930 πολλῆς
990 846 1084 913 αἴτιοι
1117 848 1292 930 γεγένηνται

220 946 366 1027 φθορᾶς,
399 948 456 1007 καί
483 942 529 1009 ἔτι
561 948 718 1030 πλείονος,
749 942 790 1013 δν
807 946 852 1029 μή
874 948 1064 1025 uerbenas,
1100 945 1293 1028 γενήσονται.

217 1049 382 1125 παραινεῖν
403 1066 438 1108 τε
460 1036 555 1121 αὖθις
575 1043 629 1109 τὸν
649 1044 781 1125 πόλεμον
801 1044 991 1121 καταλύειν,
1014 1046 1072 1107 crus*
1089 1044 1135 1126 μή
1160 1040 1213 1107 διὰ
1237 1066 1292 1126 φι-

215 1142 372 1205 λονεικίαν
395 1140 530 1225 ἔχουσαν
547 1138 640 1209 otidis
658 1142 743 1228 ὑγιές
770 1148 918 1231 περιορᾷν
947 1142 1103 1227 ὁσημέραι
1122 1140 1196 1216 τούς
1217 1138 1291 1221 ὁμο·

219 1236 340 1325 φίλους
361 1243 716 1329 ἔξανδροιποδιξομένους
735 1243 792 1309 καί
808 1246 1020 1324 κτεινομένους
1039 1245 1094 1307 καί
1111 1239 1153 1305 τὰ
1173 1238 1291 1322 ἔσχατα

181 1337 434 1417 ιοίιπομένοντας.
463 1342 571 1407 ἐκεῖνοι
595 1344 630 1406 δὲ
652 1344 721 1428 (καί
744 1341 803 1427 γὰρ
831 1337 944 1407 οὐδένα
965 1332 1076 1421 αὖθις,
1111 1334 1215 1423 ὥσπερ
1237 1336 1293 1403 καί

215 1433 381 1519 πρότερον,
394 1438 576 1521 ποιήσονται
595 1443 649 1524 τῆς
674 1440 798 1525 εἰρήνης
817 1439 941 1527 λόγον,)
964 1439 1017 1504 dns*
1035 1437 1070 1503 τέ
1091 1440 1213 1503 πείθειν
1233 1437 1321 1500 ari-C

214 1531 266 1597 τὸν
286 1531 400 1599 αδείκα
423 1539 593 1619 τρέψονται
623 1539 822 1623 α’φιλντιισθαι
850 1539 991 1615 ἐκείνου,
1023 1539 1078 1603 καί
1112 1540 1292 1617 πέμψαντες

216 1626 392 1719 ιίξιόχρειδν
425 1661 513 1718 τινα,
544 1633 580 1702 δν
608 1637 766 1721 οἰήσονται
795 1640 890 1702 τοῦτο
919 1636 1168 1720 κατεργάσεσθαι
1196 1633 1291 1716 δυνή-

215 1737 348 1813 σεσθαι,
377 1736 564 1818 παρέξονται
591 1736 646 1800 καί
668 1734 822 1821 χρήματα
848 1736 947 1801 πολλὰ
974 1740 1030 1817 τῆς
1060 1733 1291 1816 ἀναχωρήσεως

180 1830 331 1910 rinconis
349 1834 405 1896 καί
421 1836 507 1914 ναῦς,
524 1830 576 1910 αἶς
592 1831 744 1921 χρήσεται
764 1834 844 1919 πρὸς
863 1833 919 1917 τήν
939 1831 1095 1916 διάδοσιν.
1127 1830 1182 1896 καί
1199 1836 1238 1917 τῇ
1257 1854 1292 1897 τε

209 1933 347 2017 στρατιᾷ
369 1930 405 1996 τδ
431 1930 685 2015 σπουδαζόμενον
705 1930 794 1999 ἔσται
823 1932 964 2015 ήνυκώς,
998 1931 1054 1997 καί
1069 1929 1108 1997 τοὶ
1136 1931 1289 2015 χρήματα

212 2028 318 2109 λαβών
339 2032 508 2111 α’μείιγεται
521 2030 593 2107 τούς
610 2033 786 2115 προθύμως
805 2032 1145 2115 συστρατευσαμένους.
1166 2026 1203 2091 οδ
1222 2026 1286 2112 γιίρ

213 2130 335 2192 δίκαιον
355 2127 480 2225 ὁμοίιοςΙ
499 2133 597 2195 πᾶσιν
621 2132 806 2214 δργιζεσθαι
825 2132 879 2193 καί
897 2131 987 2203 δίκας
1005 2130 1170 2208 οἰπαιτελν,
1206 2124 1384 2207 attuit-465

211 2223 286 2299 τούς
308 2227 367 2304 μέν
388 2227 508 2301 αἰτίους
533 2232 588 2311 τῆς
620 2229 796 2301 αιίθαδειλκς
827 2232 942 2311 μέτρια
969 2224 1130 2307 κολάζειν,
1158 2224 1212 2291 ἵνα
1242 2222 1288 2308 μή

171 2320 410 2405 ασααράδειγμα
433 2334 497 2399 τοῖς
516 2320 621 2400 ἄλλοις
640 2328 785 2407 γίνωνται
806 2326 1051 2407 ἀναισχυντίας,
1073 2322 1149 2397 τούς
1169 2324 1205 2387 δὲ
1224 2330 1289 2385 λαι-

208 2418 289 2496 nori<
312 2420 406 2498 ιίξίιυς
426 2422 617 2504 ἀμείβεσθαι
644 2428 707 2488 τῶν
737 2424 857 2506 πόνων,
892 2424 943 2488 ἵνα
961 2425 999 2510 τῇ
1018 2446 1051 2488 τε
1072 2421 1198 2486 κολάσει
1228 2425 1290 2488 τῶν

208 2518 397 2602 ιῖγνιυμόνων
426 2523 546 2609 ε’κιγοβῇ
556 2575 566 2605 ,
599 2527 653 2588 καί
682 2527 721 2609 τῇ
746 2525 820 2605 περί
838 2520 895 2596 τὰς
913 2523 1093 2604 εὐεργεσίας
1125 2523 1288 2609 φιλοτιμίᾳ

208 2617 289 2704 πρὸς
309 2613 432 2684 εὔνοιαν
452 2624 629 2706 ἐφέλκηται.
671 2618 763 2702 ὁμὲν
785 2614 1004 2697 arietantem
1024 2617 1137 2683 αὐτίκα
1157 2618 1213 2683 καί
1231 2623 1317 2702 τῆςῐ)
1348 2617 1353 2625 ’

209 2722 421 2803 παραινέσεως
441 2719 674 2806 εὐχαριστήσας
698 2722 851 2800 βασιλέα,
877 2719 1046 2805 πρεσβειλτν
1068 2715 1186 2798 ἔπεμπε
1206 2716 1287 2803 πρὸς

277 2846 300 2898 5.
321 2847 439 2905 πολλοῖς
456 2847 482 2900 Ρ.

206 2963 400 3030 inflammatos,
421 2974 452 3017 ut
468 2965 590 3021 cohiberi
610 2983 665 3019 non
686 2973 812 3036 possent,
837 2968 949 3021 Amorio
968 2965 1002 3018 de
1022 2972 1076 3017 tem
1094 2964 1202 3034 prolixe
1220 2979 1283 3032 erge

206 3051 235 3086 se
252 3038 390 3106 vpiuntete
409 3037 505 3108 grstins
523 3037 578 3107 ogit
598 3038 777 3108 nmpiissimes
798 3039 948 3106 suasitque,
965 3035 1146 3106 ut‚qnonium
1162 3033 1283 3085 militem

204 3122 282 3157 snum
300 3108 407 3159 flectcre
425 3108 611 3177 nequivisset,
630 3117 750 3161 oratores
769 3109 927 3174 Byzantium
946 3105 981 3157 ed
998 3103 1197 3174 imperatricem
1214 3105 1282 3156 mit·

204 3182 283 3240 teret,
298 3179 346 3247 qui
372 3177 507 3241 similiter,
522 3185 553 3230 ut
569 3177 693 3241 sntehee,
707 3179 742 3230 de
767 3192 834 3246 pecc
854 3175 1018 3228 dissererent
1036 3175 1150 3242 illisque
1168 3173 1282 3226 demen-

203 3247 269 3297 tium
293 3245 507 3315 exprobrarent,
528 3263 577 3316 per
595 3265 674 3319 quum
694 3251 813 3301 Romano
830 3244 997 3316 principatui
1016 3244 1131 3295 exitium
1154 3254 1283 3312 magnum

204 3315 360 3370 inuenerint
377 3333 408 3368 ue
425 3317 477 3368 nisi
498 3319 527 3368 in
544 3319 616 3368 viem
631 3317 758 3380 redeant,
776 3319 865 3368 maius
883 3311 1016 3368 inveetnri
1042 3313 1105 3365 sint
1150 3312 1283 3366 liorture·

204 3393 248 3437 tur
274 3397 365 3439 sutem
398 3381 503 3448 rursus,
534 3385 638 3438 betium
665 3392 776 3441 missurn
800 3387 936 3446 iacerent,
961 3399 1015 3435 nen
1041 3383 1078 3434 ob
1103 3383 1281 3452 insipientem

203 3455 282 3509 istem
312 3457 515 3510 contentionem
548 3456 673 3526 qnotidie
703 3473 768 3508 sune
794 3458 882 3526 gentis
910 3453 1039 3507 mortales
1062 3451 1092 3503 in
1120 3453 1280 3506 servitutem

203 3523 309 3596 abripi,
333 3527 463 3579 trucidari
487 3534 515 3579 et
541 3525 576 3576 sd
605 3543 745 3580 aerumnas
771 3525 858 3594 redigi
884 3525 1012 3575 sinerent
1055 3523 1122 3574 iiios
1147 3539 1230 3586 vero,
1249 3531 1282 3576 ut

203 3597 288 3659 eiius,
306 3597 411 3648 unitum
441 3595 474 3648 de
491 3611 558 3666 prce
580 3596 691 3649 verbum
715 3597 873 3656 locuturos,
896 3594 943 3647 sed
961 3592 1125 3661 pertundere
1142 3595 1282 3656 enisurus,

204 3669 244 3718 uti
269 3669 468 3736 quamprimum
492 3684 507 3719 s
529 3668 719 3721 Centseuzeno
746 3683 775 3717 se
802 3666 953 3734 disiungat,
980 3671 1009 3715 et
1037 3666 1120 3716 misso
1150 3667 1282 3736 quopiam

201 3734 266 3790 huie
286 3738 390 3790 muneri
409 3735 524 3798 idoneo,
544 3753 667 3804 magnam
684 3737 818 3806 pecuniae
834 3736 898 3798 vim,
916 3733 1049 3786 discessus
1068 3734 1233 3797 mercedem,
1249 3751 1281 3787 sc

201 3814 341 3876 praeterea
358 3808 469 3860 eiussem
488 3807 717 3876 suppeditetums.
752 3807 798 3858 Sic
814 3813 844 3857 ct
860 3805 935 3876 quod
953 3806 1086 3856 exereitus
1105 3821 1191 3873 usque
1209 3805 1279 3856 udeo

202 3879 398 3940 contenderet,
426 3877 575 3947 perfeetum
595 3877 668 3940 iore,
686 3886 714 3929 et
731 3877 809 3928 ilium
828 3885 937 3943 accepts
954 3875 1071 3943 pecunie
1088 3875 1210 3927 libenter
1228 3873 1279 3926 sub

202 3963 232 3999 se
259 3947 407 4000 militantes
431 3949 597 4000 remunerari
621 3963 708 4015 posse.
751 3945 812 3998 Non
836 3947 909 3998 enim
936 3961 1062 4014 aequum,
1082 3946 1161 3996 irasci
1179 3945 1282 4012 puriter

203 4019 348 4080 omnibus,
372 4018 419 4070 sed
443 4018 587 4088 superbiae
611 4026 639 4069 et
663 4019 849 4068 contumaciae
867 4019 1021 4068 incentores
1038 4013 1145 4067 modice
1162 4016 1281 4082 punien-

204 4085 271 4150 dos,
290 4105 324 4139 ne
345 4088 413 4138 slios
434 4087 630 4156 impudentiam
650 4089 773 4156 exemplo
792 4103 841 4138 suo
859 4087 991 4152 εἰσποιεῖς
1014 4086 1126 4155 reliquis
1152 4084 1281 4135 conseni-

203 4165 280 4209 entcr
306 4157 430 4208 laborum
453 4159 556 4210 meritis
576 4160 694 4226 praemis
717 4155 910 4225 persolverim,
934 4164 966 4206 ut
983 4163 1010 4208 et
1028 4155 1161 4224 supplicio
1178 4154 1281 4220 impro-

202 4227 300 4282 borum
336 4234 452 4290 terrent,
486 4239 514 4282 et
552 4227 748 4296 beneticentiae
786 4226 877 4281 studio
904 4225 974 4280 siios
1000 4228 1087 4278 adse
1112 4223 1281 4295 diligendum
