<?xml version="1.0" encoding="UTF-8"?>
<!DOCTYPE html PUBLIC "-//W3C//DTD XHTML 1.0 Transitional//EN"
    "http://www.w3.org/TR/xhtml1/DTD/xhtml1-transitional.dtd">
<html xmlns="http://www.w3.org/1999/xhtml" xml:lang="en" lang="en">
 <head>
  <title>
</title>
<meta http-equiv="Content-Type" content="text/html;charset=utf-8" />
  <meta name='ocr-system' content='tesseract 3.04.00' />
  <meta name='ocr-capabilities' content='ocr_page ocr_carea ocr_par ocr_line ocrx_word'/>
</head>
<body>
  <div class='ocr_page' id='page_1' title='image "./corpusscriptoru67theogoog_0366.png"; bbox 0 0 3125 4900; ppageno 0'>
   <div class='ocr_carea' id='block_1_1' title="bbox 326 265 1023 396">
    <p class='ocr_par' dir='ltr' id='par_1_1' title="bbox 326 265 1023 396">
     <span class='ocr_line' id='line_1_1' title="bbox 326 265 1023 396; baseline 0.003 -42"><span class='ocrx_word' id='word_1_1' title='bbox 326 265 408 354; x_wconf 80' lang='lat'><strong>352&#39;</strong></span> <span class='ocrx_word' id='word_1_2' title='bbox 714 291 994 396; x_wconf 75' lang='lat' dir='ltr'><strong>crurscnzsur</strong></span> <span class='ocrx_word' id='word_1_3' title='bbox 1019 292 1023 299; x_wconf 89' lang='lat'><strong>·</strong></span> 
     </span>
    </p>
   </div>
   <div class='ocr_carea' id='block_1_2' title="bbox 180 439 1486 2700">
    <p class='ocr_par' dir='ltr' id='par_1_2' title="bbox 180 439 1407 632">
     <span class='ocr_line' id='line_1_2' title="bbox 180 439 1407 536; baseline 0.001 -24"><span class='ocrx_word' id='word_1_4' title='bbox 180 457 241 513; x_wconf 64' lang='lat' dir='ltr'><strong>tc.</strong></span> <span class='ocrx_word' id='word_1_5' title='bbox 255 443 381 528; x_wconf 68' lang='lat' dir='ltr'><strong>stlattas*</strong></span> <span class='ocrx_word' id='word_1_6' title='bbox 398 448 540 536; x_wconf 73' lang='grc' dir='ltr'><strong><em>φανερῶς</em></strong></span> <span class='ocrx_word' id='word_1_7' title='bbox 559 447 639 530; x_wconf 75' lang='grc' dir='ltr'><strong><em>ύπέρ</em></strong></span> <span class='ocrx_word' id='word_1_8' title='bbox 661 439 762 511; x_wconf 80' lang='grc' dir='ltr'><strong><em>αύτοῦ</em></strong></span> <span class='ocrx_word' id='word_1_9' title='bbox 782 449 988 530; x_wconf 69' lang='grc' dir='ltr'><strong><em>διαλεχθῆναι</em></strong></span> <span class='ocrx_word' id='word_1_10' title='bbox 1005 442 1235 531; x_wconf 76' lang='grc' dir='ltr'><strong><em>Βιῤῥοιιύταις·</em></strong></span> <span class='ocrx_word' id='word_1_11' title='bbox 1275 451 1407 529; x_wconf 78' lang='grc' dir='ltr'><strong><em>βασιλεῖ</em></strong></span> 
     </span>
     <span class='ocr_line' id='line_1_3' title="bbox 322 543 1402 632; baseline -0.001 -20"><span class='ocrx_word' id='word_1_12' title='bbox 322 571 356 614; x_wconf 82' lang='grc' dir='ltr'><strong><em>τε</em></strong></span> <span class='ocrx_word' id='word_1_13' title='bbox 375 547 435 632; x_wconf 73' lang='grc' dir='ltr'><strong>γὰρ</strong></span> <span class='ocrx_word' id='word_1_14' title='bbox 461 545 499 610; x_wconf 74' lang='grc' dir='ltr'><strong>’τὰ</strong></span> <span class='ocrx_word' id='word_1_15' title='bbox 520 549 648 628; x_wconf 79' lang='grc' dir='ltr'><strong><em>μέγιστα</em></strong></span> <span class='ocrx_word' id='word_1_16' title='bbox 672 546 883 630; x_wconf 71' lang='grc' dir='ltr'><strong>λυσιτελήσειν</strong></span> <span class='ocrx_word' id='word_1_17' title='bbox 896 543 931 610; x_wconf 84' lang='grc' dir='ltr'><strong>τύ</strong></span> <span class='ocrx_word' id='word_1_18' title='bbox 952 547 1075 609; x_wconf 80' lang='grc' dir='ltr'><strong><em>τοιοῦτο</em></strong></span> <span class='ocrx_word' id='word_1_19' title='bbox 1090 549 1146 608; x_wconf 89' lang='grc' dir='ltr'><strong><em>ιιαί</em></strong></span> <span class='ocrx_word' id='word_1_20' title='bbox 1158 545 1245 631; x_wconf 76' lang='grc' dir='ltr'><strong><em>αύτῷ</em></strong></span> <span class='ocrx_word' id='word_1_21' title='bbox 1257 544 1313 629; x_wconf 78' lang='grc' dir='ltr'><strong>την</strong></span> <span class='ocrx_word' id='word_1_22' title='bbox 1325 569 1402 610; x_wconf 74' lang='grc' dir='ltr'><strong><em>συν·</em></strong></span> 
     </span>
    </p>

    <p class='ocr_par' dir='ltr' id='par_1_3' title="bbox 256 637 1402 730">
     <span class='ocr_line' id='line_1_4' title="bbox 256 637 1402 730; baseline -0.004 -19"><span class='ocrx_word' id='word_1_23' title='bbox 256 693 260 702; x_wconf 88' lang='grc'><strong>-</strong></span> <span class='ocrx_word' id='word_1_24' title='bbox 324 651 437 730; x_wconf 82' lang='grc' dir='ltr'><strong><em>τυχίαν</em></strong></span> <span class='ocrx_word' id='word_1_25' title='bbox 462 647 583 729; x_wconf 78' lang='grc' dir='ltr'><strong><em>μηδένα</em></strong></span> <span class='ocrx_word' id='word_1_26' title='bbox 612 646 753 708; x_wconf 84' lang='grc' dir='ltr'><strong><em>κίνδυνον</em></strong></span> <span class='ocrx_word' id='word_1_27' title='bbox 782 639 912 729; x_wconf 83' lang='grc' dir='ltr'><strong><em>ύστερον</em></strong></span> <span class='ocrx_word' id='word_1_28' title='bbox 933 637 974 708; x_wconf 73' lang='grc' dir='ltr'><strong>έν</strong></span> <span class='ocrx_word' id='word_1_29' title='bbox 1004 644 1190 726; x_wconf 75' lang='grc' dir='ltr'><strong><em>ἐπαγαγεῖν,</em></strong></span> <span class='ocrx_word' id='word_1_30' title='bbox 1223 647 1253 708; x_wconf 85' lang='grc' dir='ltr'><strong><em>εἰ</em></strong></span> <span class='ocrx_word' id='word_1_31' title='bbox 1271 643 1290 729; x_wconf 81' lang='grc' dir='ltr'><strong><em>ἡ</em></strong></span> <span class='ocrx_word' id='word_1_32' title='bbox 1310 643 1402 720; x_wconf 84' lang='grc' dir='ltr'><strong><em>πόλις</em></strong></span> 
     </span>
    </p>

    <p class='ocr_par' dir='ltr' id='par_1_4' title="bbox 229 741 1420 1028">
     <span class='ocr_line' id='line_1_5' title="bbox 268 741 1401 832; baseline -0.004 -22"><span class='ocrx_word' id='word_1_33' title='bbox 268 803 271 810; x_wconf 90' lang='grc'><strong><em>,</em></strong></span> <span class='ocrx_word' id='word_1_34' title='bbox 324 749 523 832; x_wconf 82' lang='grc' dir='ltr'><strong><em>προσχωροίη</em></strong></span> <span class='ocrx_word' id='word_1_35' title='bbox 550 749 684 826; x_wconf 76' lang='grc' dir='ltr'><strong><em>βασιλεῖ.</em></strong></span> <span class='ocrx_word' id='word_1_36' title='bbox 711 741 850 807; x_wconf 64' lang='grc' dir='ltr'><strong><em>ἐπείθετό</em></strong></span> <span class='ocrx_word' id='word_1_37' title='bbox 863 767 900 807; x_wconf 88' lang='grc' dir='ltr'><strong><em>τε</em></strong></span> <span class='ocrx_word' id='word_1_38' title='bbox 914 742 931 806; x_wconf 82' lang='grc' dir='ltr'><strong><em>ὅ</em></strong></span> <span class='ocrx_word' id='word_1_39' title='bbox 946 741 1221 825; x_wconf 75' lang='grc' dir='ltr'><strong><em>βασιλεύςαύτύια</em></strong></span> <span class='ocrx_word' id='word_1_40' title='bbox 1244 747 1298 808; x_wconf 85' lang='grc' dir='ltr'><strong><em>καί</em></strong></span> <span class='ocrx_word' id='word_1_41' title='bbox 1319 741 1401 825; x_wconf 76' lang='grc' dir='ltr'><strong><em>πρὸς</em></strong></span> 
     </span>
     <span class='ocr_line' id='line_1_6' title="bbox 229 831 1420 928; baseline -0.004 -22"><span class='ocrx_word' id='word_1_42' title='bbox 229 833 456 928; x_wconf 67' lang='grc' dir='ltr'><strong><em>λὸδδΚρύλην</em></strong></span> <span class='ocrx_word' id='word_1_43' title='bbox 478 841 580 907; x_wconf 64' lang='lat' dir='ltr'><strong>&amp;treis</strong></span> <span class='ocrx_word' id='word_1_44' title='bbox 599 839 805 924; x_wconf 73' lang='grc' dir='ltr'><strong><em>ἐπυνθάνετο,</em></strong></span> <span class='ocrx_word' id='word_1_45' title='bbox 827 844 858 905; x_wconf 84' lang='grc' dir='ltr'><strong><em>εί</em></strong></span> <span class='ocrx_word' id='word_1_46' title='bbox 874 839 1015 924; x_wconf 79' lang='grc' dir='ltr'><strong><em>βούλοιτο</em></strong></span> <span class='ocrx_word' id='word_1_47' title='bbox 1036 839 1115 926; x_wconf 85' lang='grc' dir='ltr'><strong><em>πρός</em></strong></span> <span class='ocrx_word' id='word_1_48' title='bbox 1129 831 1292 926; x_wconf 73' lang='grc' dir='ltr'><strong><em>Βέρῥοιαν</em></strong></span> <span class='ocrx_word' id='word_1_49' title='bbox 1318 839 1420 922; x_wconf 66' lang='lat' dir='ltr'><strong>nipe-5</strong></span> 
     </span>
     <span class='ocr_line' id='line_1_7' title="bbox 322 935 1401 1028; baseline -0.004 -20"><span class='ocrx_word' id='word_1_50' title='bbox 322 967 392 1008; x_wconf 88' lang='grc' dir='ltr'><strong><em>πειν</em></strong></span> <span class='ocrx_word' id='word_1_51' title='bbox 405 937 598 1028; x_wconf 76' lang='grc' dir='ltr'><strong><em>Ἀρμιιενον.</em></strong></span> <span class='ocrx_word' id='word_1_52' title='bbox 619 943 677 1005; x_wconf 80' lang='grc' dir='ltr'><strong>τού</strong></span> <span class='ocrx_word' id='word_1_53' title='bbox 691 943 726 1006; x_wconf 82' lang='grc' dir='ltr'><strong>δὲ</strong></span> <span class='ocrx_word' id='word_1_54' title='bbox 749 945 956 1024; x_wconf 74' lang='grc' dir='ltr'><strong><em>συνθεμένου,</em></strong></span> <span class='ocrx_word' id='word_1_55' title='bbox 977 940 1199 1024; x_wconf 79' lang='grc' dir='ltr'><strong><em>,,ε’βουλόμην”·</em></strong></span> <span class='ocrx_word' id='word_1_56' title='bbox 1213 935 1281 1003; x_wconf 86' lang='grc' dir='ltr'><strong><em>είπε</em></strong></span> <span class='ocrx_word' id='word_1_57' title='bbox 1302 940 1401 1025; x_wconf 71' lang='grc' dir='ltr'><strong><em>,γρά-</em></strong></span> 
     </span>
    </p>

    <p class='ocr_par' dir='ltr' id='par_1_5' title="bbox 323 1035 1398 1128">
     <span class='ocr_line' id='line_1_8' title="bbox 323 1035 1398 1128; baseline -0.002 -24"><span class='ocrx_word' id='word_1_58' title='bbox 323 1065 396 1128; x_wconf 90' lang='grc' dir='ltr'><strong><em>φειν</em></strong></span> <span class='ocrx_word' id='word_1_59' title='bbox 415 1045 469 1104; x_wconf 85' lang='grc' dir='ltr'><strong><em>καί</em></strong></span> <span class='ocrx_word' id='word_1_60' title='bbox 486 1035 584 1116; x_wconf 75' lang='grc' dir='ltr'><strong><em>αὐτὸς</em></strong></span> <span class='ocrx_word' id='word_1_61' title='bbox 604 1041 711 1116; x_wconf 72' lang='grc' dir='ltr'><strong><em>αὐτοῖς</em></strong></span> <span class='ocrx_word' id='word_1_62' title='bbox 731 1041 786 1103; x_wconf 81' lang='grc' dir='ltr'><strong><em>καί</em></strong></span> <span class='ocrx_word' id='word_1_63' title='bbox 803 1048 967 1122; x_wconf 77' lang='grc' dir='ltr'><strong><em>παραινεῖν</em></strong></span> <span class='ocrx_word' id='word_1_64' title='bbox 986 1041 1030 1114; x_wconf 84' lang='grc' dir='ltr'><strong><em>είς</em></strong></span> <span class='ocrx_word' id='word_1_65' title='bbox 1048 1036 1108 1122; x_wconf 77' lang='grc' dir='ltr'><strong>την</strong></span> <span class='ocrx_word' id='word_1_66' title='bbox 1128 1039 1220 1102; x_wconf 83' lang='grc' dir='ltr'><strong><em>πόλιν</em></strong></span> <span class='ocrx_word' id='word_1_67' title='bbox 1233 1041 1398 1121; x_wconf 72' lang='grc' dir='ltr'><strong><em>δέχεσθαι.</em></strong></span> 
     </span>
    </p>

    <p class='ocr_par' dir='ltr' id='par_1_6' title="bbox 230 1132 1444 1519">
     <span class='ocr_line' id='line_1_9' title="bbox 230 1132 1402 1222; baseline -0.004 -16"><span class='ocrx_word' id='word_1_68' title='bbox 230 1171 238 1193; x_wconf 53' lang='grc' dir='ltr'><strong><em>ι</em></strong></span> <span class='ocrx_word' id='word_1_69' title='bbox 322 1143 436 1205; x_wconf 78' lang='grc' dir='ltr'><strong><em>ἐννοῶν</em></strong></span> <span class='ocrx_word' id='word_1_70' title='bbox 458 1140 514 1222; x_wconf 81' lang='grc' dir='ltr'><strong>δέ,</strong></span> <span class='ocrx_word' id='word_1_71' title='bbox 534 1132 585 1204; x_wconf 84' lang='grc' dir='ltr'><strong><em>οἶα</em></strong></span> <span class='ocrx_word' id='word_1_72' title='bbox 606 1137 754 1222; x_wconf 77' lang='grc' dir='ltr'><strong><em>δράσειαν</em></strong></span> <span class='ocrx_word' id='word_1_73' title='bbox 775 1142 908 1222; x_wconf 77' lang='grc' dir='ltr'><strong><em>Φεραῖοι</em></strong></span> <span class='ocrx_word' id='word_1_74' title='bbox 927 1137 984 1202; x_wconf 82' lang='grc' dir='ltr'><strong>τὸν</strong></span> <span class='ocrx_word' id='word_1_75' title='bbox 1002 1133 1213 1222; x_wconf 68' lang='grc' dir='ltr'><strong><em>πρεσβεύοντα</em></strong></span> <span class='ocrx_word' id='word_1_76' title='bbox 1233 1132 1402 1203; x_wconf 75' lang='grc' dir='ltr'><strong><em>ἀπεκτονό-</em></strong></span> 
     </span>
     <span class='ocr_line' id='line_1_10' title="bbox 321 1229 1400 1322; baseline -0.002 -20"><span class='ocrx_word' id='word_1_77' title='bbox 321 1259 383 1320; x_wconf 84' lang='grc' dir='ltr'><strong><em>τες,</em></strong></span> <span class='ocrx_word' id='word_1_78' title='bbox 402 1229 480 1322; x_wconf 80' lang='grc' dir='ltr'><strong><em>πρὸς</em></strong></span> <span class='ocrx_word' id='word_1_79' title='bbox 501 1235 558 1318; x_wconf 79' lang='grc' dir='ltr'><strong>τήν</strong></span> <span class='ocrx_word' id='word_1_80' title='bbox 577 1238 771 1322; x_wconf 74' lang='grc' dir='ltr'><strong><em>ἐπιχείρησιν</em></strong></span> <span class='ocrx_word' id='word_1_81' title='bbox 790 1232 1017 1318; x_wconf 75' lang='grc' dir='ltr'><strong><em>ἀμβλύνεσθαι,</em></strong></span> <span class='ocrx_word' id='word_1_82' title='bbox 1038 1235 1186 1311; x_wconf 73' lang='grc' dir='ltr'><strong><em>δεδοικώς</em></strong></span> <span class='ocrx_word' id='word_1_83' title='bbox 1204 1233 1249 1320; x_wconf 75' lang='grc' dir='ltr'><strong>μη</strong></span> <span class='ocrx_word' id='word_1_84' title='bbox 1271 1239 1325 1300; x_wconf 78' lang='grc' dir='ltr'><strong><em>καί</em></strong></span> <span class='ocrx_word' id='word_1_85' title='bbox 1341 1229 1400 1300; x_wconf 76' lang='grc' dir='ltr'><strong><em>ἅλ-</em></strong></span> 
     </span>
     <span class='ocr_line' id='line_1_11' title="bbox 322 1331 1444 1424; baseline -0.003 -25"><span class='ocrx_word' id='word_1_86' title='bbox 322 1342 366 1424; x_wconf 82' lang='grc' dir='ltr'><strong><em>λιμ</em></strong></span> <span class='ocrx_word' id='word_1_87' title='bbox 396 1359 439 1423; x_wconf 82' lang='grc' dir='ltr'><strong>τιμ</strong></span> <span class='ocrx_word' id='word_1_88' title='bbox 467 1338 570 1400; x_wconf 76' lang='grc' dir='ltr'><strong><em>κακῶν</em></strong></span> <span class='ocrx_word' id='word_1_89' title='bbox 593 1333 708 1415; x_wconf 82' lang='grc' dir='ltr'><strong><em>ὁμοίων</em></strong></span> <span class='ocrx_word' id='word_1_90' title='bbox 729 1333 829 1410; x_wconf 84' lang='grc' dir='ltr'><strong><em>αἴτιος</em></strong></span> <span class='ocrx_word' id='word_1_91' title='bbox 851 1336 998 1421; x_wconf 76' lang='grc' dir='ltr'><strong><em>καταστῇ.</em></strong></span> <span class='ocrx_word' id='word_1_92' title='bbox 1016 1331 1246 1415; x_wconf 67' lang='grc' dir='ltr'><strong><em>’συνεβούλευέ</em></strong></span> <span class='ocrx_word' id='word_1_93' title='bbox 1264 1357 1298 1398; x_wconf 85' lang='grc' dir='ltr'><strong><em>τε</em></strong></span> <span class='ocrx_word' id='word_1_94' title='bbox 1317 1337 1444 1414; x_wconf 64' lang='lat' dir='ltr'><strong>peril-10</strong></span> 
     </span>
     <span class='ocr_line' id='line_1_12' title="bbox 323 1429 1402 1519; baseline -0.004 -19"><span class='ocrx_word' id='word_1_95' title='bbox 323 1435 378 1500; x_wconf 81' lang='grc' dir='ltr'><strong>λὸν</strong></span> <span class='ocrx_word' id='word_1_96' title='bbox 397 1429 531 1518; x_wconf 75' lang='grc' dir='ltr'><strong><em>γράφειν</em></strong></span> <span class='ocrx_word' id='word_1_97' title='bbox 551 1431 648 1509; x_wconf 81' lang='grc' dir='ltr'><strong><em>αδιός</em></strong></span> <span class='ocrx_word' id='word_1_98' title='bbox 668 1431 748 1518; x_wconf 84' lang='grc' dir='ltr'><strong><em>ύπὲρ</em></strong></span> <span class='ocrx_word' id='word_1_99' title='bbox 771 1429 890 1498; x_wconf 67' lang='lat' dir='ltr'><strong>edroi·</strong></span> <span class='ocrx_word' id='word_1_100' title='bbox 934 1430 1003 1514; x_wconf 74' lang='grc' dir='ltr'><strong><em>ἅμα</em></strong></span> <span class='ocrx_word' id='word_1_101' title='bbox 1024 1434 1060 1496; x_wconf 72' lang='grc' dir='ltr'><strong>δέ</strong></span> <span class='ocrx_word' id='word_1_102' title='bbox 1078 1432 1133 1495; x_wconf 84' lang='grc' dir='ltr'><strong><em>καί</em></strong></span> <span class='ocrx_word' id='word_1_103' title='bbox 1147 1433 1320 1519; x_wconf 79' lang='grc' dir='ltr'><strong><em>’Λρμπένιρ</em></strong></span> <span class='ocrx_word' id='word_1_104' title='bbox 1332 1433 1402 1496; x_wconf 82' lang='grc' dir='ltr'><strong><em>έιιι-</em></strong></span> 
     </span>
    </p>

    <p class='ocr_par' dir='ltr' id='par_1_7' title="bbox 286 1526 1401 1627">
     <span class='ocr_line' id='line_1_13' title="bbox 286 1526 1401 1627; baseline -0.004 -31"><span class='ocrx_word' id='word_1_105' title='bbox 286 1585 296 1627; x_wconf 78' lang='grc'><strong><em>,</em></strong></span> <span class='ocrx_word' id='word_1_106' title='bbox 322 1536 447 1616; x_wconf 79' lang='grc' dir='ltr'><strong><em>τρέπειν</em></strong></span> <span class='ocrx_word' id='word_1_107' title='bbox 475 1530 693 1616; x_wconf 71' lang='grc' dir='ltr'><strong><em>Βερροιούιαις</em></strong></span> <span class='ocrx_word' id='word_1_108' title='bbox 726 1529 785 1606; x_wconf 76' lang='grc' dir='ltr'><strong>τὰς</strong></span> <span class='ocrx_word' id='word_1_109' title='bbox 813 1531 894 1615; x_wconf 80' lang='grc' dir='ltr'><strong><em>πρὸς</em></strong></span> <span class='ocrx_word' id='word_1_110' title='bbox 924 1530 1077 1614; x_wconf 72' lang='grc' dir='ltr'><strong><em>ἀλλήλους</em></strong></span> <span class='ocrx_word' id='word_1_111' title='bbox 1103 1531 1209 1594; x_wconf 74' lang='lat' dir='ltr'><strong>aderis·</strong></span> <span class='ocrx_word' id='word_1_112' title='bbox 1240 1526 1401 1614; x_wconf 67' lang='grc' dir='ltr'><strong><em>συνθήκας</em></strong></span> 
     </span>
    </p>

    <p class='ocr_par' dir='ltr' id='par_1_8' title="bbox 284 1625 1476 1912">
     <span class='ocr_line' id='line_1_14' title="bbox 284 1625 1402 1716; baseline -0.002 -25"><span class='ocrx_word' id='word_1_113' title='bbox 284 1632 291 1648; x_wconf 80' lang='grc'><strong>’</strong></span> <span class='ocrx_word' id='word_1_114' title='bbox 322 1629 378 1693; x_wconf 69' lang='lat' dir='ltr'><strong>aar*</strong></span> <span class='ocrx_word' id='word_1_115' title='bbox 404 1628 478 1706; x_wconf 85' lang='grc' dir='ltr'><strong><em>τούς</em></strong></span> <span class='ocrx_word' id='word_1_116' title='bbox 499 1625 611 1713; x_wconf 80' lang='grc' dir='ltr'><strong><em>ὅρκους</em></strong></span> <span class='ocrx_word' id='word_1_117' title='bbox 632 1629 789 1716; x_wconf 81' lang='grc' dir='ltr'><strong><em>φανερούς</em></strong></span> <span class='ocrx_word' id='word_1_118' title='bbox 808 1639 925 1709; x_wconf 80' lang='grc' dir='ltr'><strong><em>ποιεῖν,</em></strong></span> <span class='ocrx_word' id='word_1_119' title='bbox 956 1629 1011 1692; x_wconf 84' lang='grc' dir='ltr'><strong><em>καί</em></strong></span> <span class='ocrx_word' id='word_1_120' title='bbox 1036 1625 1079 1702; x_wconf 75' lang='grc' dir='ltr'><strong>ὥς</strong></span> <span class='ocrx_word' id='word_1_121' title='bbox 1106 1625 1154 1711; x_wconf 79' lang='grc' dir='ltr'><strong><em>εἴη</em></strong></span> <span class='ocrx_word' id='word_1_122' title='bbox 1177 1629 1231 1691; x_wconf 89' lang='grc' dir='ltr'><strong>ιιαί</strong></span> <span class='ocrx_word' id='word_1_123' title='bbox 1249 1629 1303 1692; x_wconf 84' lang='grc' dir='ltr'><strong>σοί</strong></span> <span class='ocrx_word' id='word_1_124' title='bbox 1321 1627 1402 1710; x_wconf 81' lang='grc' dir='ltr'><strong><em>πρὸς</em></strong></span> 
     </span>
     <span class='ocr_line' id='line_1_15' title="bbox 321 1725 1400 1814; baseline -0.004 -21"><span class='ocrx_word' id='word_1_125' title='bbox 321 1728 440 1814; x_wconf 73' lang='grc' dir='ltr'><strong><em>ἡδονὴν</em></strong></span> <span class='ocrx_word' id='word_1_126' title='bbox 462 1729 497 1792; x_wconf 79' lang='grc' dir='ltr'><strong>τὸ</strong></span> <span class='ocrx_word' id='word_1_127' title='bbox 519 1739 714 1813; x_wconf 78' lang='grc' dir='ltr'><strong><em>προσχωρεῖν</em></strong></span> <span class='ocrx_word' id='word_1_128' title='bbox 735 1727 861 1802; x_wconf 72' lang='grc' dir='ltr'><strong><em>αὐτούς</em></strong></span> <span class='ocrx_word' id='word_1_129' title='bbox 872 1728 968 1814; x_wconf 71' lang='grc' dir='ltr'><strong><em>αύτῷ.</em></strong></span> <span class='ocrx_word' id='word_1_130' title='bbox 1009 1726 1027 1789; x_wconf 82' lang='grc' dir='ltr'><strong><em>δ</em></strong></span> <span class='ocrx_word' id='word_1_131' title='bbox 1048 1731 1081 1792; x_wconf 84' lang='grc' dir='ltr'><strong>δὲ</strong></span> <span class='ocrx_word' id='word_1_132' title='bbox 1102 1725 1143 1790; x_wconf 80' lang='grc' dir='ltr'><strong>τὰ</strong></span> <span class='ocrx_word' id='word_1_133' title='bbox 1155 1729 1215 1807; x_wconf 73' lang='grc' dir='ltr'><strong>μὲν</strong></span> <span class='ocrx_word' id='word_1_134' title='bbox 1227 1725 1400 1809; x_wconf 76' lang='grc' dir='ltr'><strong><em>γράμματα</em></strong></span> 
     </span>
     <span class='ocr_line' id='line_1_16' title="bbox 321 1821 1476 1912; baseline -0.005 -20"><span class='ocrx_word' id='word_1_135' title='bbox 321 1830 486 1912; x_wconf 75' lang='grc' dir='ltr'><strong><em>ἐπέτρεπεν</em></strong></span> <span class='ocrx_word' id='word_1_136' title='bbox 508 1825 606 1892; x_wconf 78' lang='grc' dir='ltr'><strong><em>αὐτὸν</em></strong></span> <span class='ocrx_word' id='word_1_137' title='bbox 626 1824 861 1912; x_wconf 73' lang='grc' dir='ltr'><strong><em>ὑπαγορεύοντα</em></strong></span> <span class='ocrx_word' id='word_1_138' title='bbox 880 1823 1080 1912; x_wconf 70' lang='grc' dir='ltr'><strong><em>γράφεσθαι,</em></strong></span> <span class='ocrx_word' id='word_1_139' title='bbox 1108 1821 1141 1890; x_wconf 79' lang='grc' dir='ltr'><strong>οἶ</strong></span> <span class='ocrx_word' id='word_1_140' title='bbox 1160 1821 1199 1893; x_wconf 73' lang='lat' dir='ltr'><strong>dv</strong></span> <span class='ocrx_word' id='word_1_141' title='bbox 1219 1827 1296 1912; x_wconf 82' lang='grc' dir='ltr'><strong><em>δοκῇ</em></strong></span> <span class='ocrx_word' id='word_1_142' title='bbox 1315 1824 1443 1910; x_wconf 60' lang='lat' dir='ltr'><strong>adrem</strong></span> <span class='ocrx_word' id='word_1_143' title='bbox 1469 1897 1476 1912; x_wconf 26' lang='grc' dir='ltr'><strong>ι</strong></span> 
     </span>
    </p>

    <p class='ocr_par' dir='ltr' id='par_1_9' title="bbox 291 1920 1486 2700">
     <span class='ocr_line' id='line_1_17' title="bbox 291 1920 1401 2012; baseline -0.003 -24"><span class='ocrx_word' id='word_1_144' title='bbox 291 1929 506 2012; x_wconf 80' lang='grc' dir='ltr'><strong><em>Βσυμφέρειν.</em></strong></span> <span class='ocrx_word' id='word_1_145' title='bbox 541 1921 728 2012; x_wconf 73' lang='grc' dir='ltr'><strong><em>Ἀρμιιενον</em></strong></span> <span class='ocrx_word' id='word_1_146' title='bbox 749 1927 785 1990; x_wconf 80' lang='grc' dir='ltr'><strong>δὲ</strong></span> <span class='ocrx_word' id='word_1_147' title='bbox 805 1927 944 1988; x_wconf 83' lang='grc' dir='ltr'><strong><em>ένέλευεν</em></strong></span> <span class='ocrx_word' id='word_1_148' title='bbox 962 1921 1043 2008; x_wconf 80' lang='grc' dir='ltr'><strong><em>ύπέρ</em></strong></span> <span class='ocrx_word' id='word_1_149' title='bbox 1063 1927 1218 2005; x_wconf 79' lang='grc' dir='ltr'><strong><em>βασιλέως</em></strong></span> <span class='ocrx_word' id='word_1_150' title='bbox 1236 1920 1401 2008; x_wconf 75' lang='grc' dir='ltr'><strong><em>Βερροιιύ-</em></strong></span> 
     </span>
     <span class='ocr_line' id='line_1_18' title="bbox 321 2017 1400 2110; baseline -0.006 -20"><span class='ocrx_word' id='word_1_151' title='bbox 321 2028 392 2101; x_wconf 81' lang='grc' dir='ltr'><strong><em>ταις</em></strong></span> <span class='ocrx_word' id='word_1_152' title='bbox 414 2026 614 2107; x_wconf 75' lang='grc' dir='ltr'><strong><em>διαλέγεσθαι</em></strong></span> <span class='ocrx_word' id='word_1_153' title='bbox 636 2023 690 2088; x_wconf 86' lang='grc' dir='ltr'><strong><em>καί</em></strong></span> <span class='ocrx_word' id='word_1_154' title='bbox 709 2021 847 2110; x_wconf 81' lang='grc' dir='ltr'><strong><em>φανερὸν</em></strong></span> <span class='ocrx_word' id='word_1_155' title='bbox 868 2025 973 2098; x_wconf 80' lang='grc' dir='ltr'><strong><em>ου’τοῖς</em></strong></span> <span class='ocrx_word' id='word_1_156' title='bbox 991 2033 1102 2104; x_wconf 81' lang='grc' dir='ltr'><strong><em>ποιεῖν,</em></strong></span> <span class='ocrx_word' id='word_1_157' title='bbox 1123 2023 1166 2099; x_wconf 75' lang='grc' dir='ltr'><strong>ὥς</strong></span> <span class='ocrx_word' id='word_1_158' title='bbox 1185 2017 1400 2104; x_wconf 68' lang='grc' dir='ltr'><strong><em>ποσσῆμαρ</em></strong></span> 
     </span>
     <span class='ocr_line' id='line_1_19' title="bbox 322 2111 1486 2210; baseline -0.003 -23"><span class='ocrx_word' id='word_1_159' title='bbox 322 2124 486 2208; x_wconf 77' lang='grc' dir='ltr'><strong><em>διαφέρειν</em></strong></span> <span class='ocrx_word' id='word_1_160' title='bbox 515 2123 600 2210; x_wconf 74' lang='grc' dir='ltr'><strong><em>αύτῷ</em></strong></span> <span class='ocrx_word' id='word_1_161' title='bbox 623 2137 661 2184; x_wconf 68' lang='grc' dir='ltr'><strong><em>’τε</em></strong></span> <span class='ocrx_word' id='word_1_162' title='bbox 691 2131 889 2206; x_wconf 75' lang='grc' dir='ltr'><strong><em>προσχωρεῖν</em></strong></span> <span class='ocrx_word' id='word_1_163' title='bbox 908 2125 963 2185; x_wconf 86' lang='grc' dir='ltr'><strong><em>καί</em></strong></span> <span class='ocrx_word' id='word_1_164' title='bbox 980 2127 1114 2203; x_wconf 82' lang='grc' dir='ltr'><strong><em>βασιλεῖ.</em></strong></span> <span class='ocrx_word' id='word_1_165' title='bbox 1162 2118 1248 2187; x_wconf 72' lang='lat' dir='ltr'><strong>adeso</strong></span> <span class='ocrx_word' id='word_1_166' title='bbox 1266 2123 1326 2201; x_wconf 77' lang='grc' dir='ltr'><strong>μὲν</strong></span> <span class='ocrx_word' id='word_1_167' title='bbox 1344 2111 1402 2183; x_wconf 66' lang='lat' dir='ltr'><strong>ode</strong></span> <span class='ocrx_word' id='word_1_168' title='bbox 1481 2117 1486 2127; x_wconf 72' lang='grc'><strong>’</strong></span> 
     </span>
     <span class='ocr_line' id='line_1_20' title="bbox 320 2215 1402 2305; baseline -0.004 -20"><span class='ocrx_word' id='word_1_169' title='bbox 320 2216 482 2303; x_wconf 77' lang='grc' dir='ltr'><strong><em>ἦέπίνοιο</em></strong></span> <span class='ocrx_word' id='word_1_170' title='bbox 503 2223 612 2295; x_wconf 84' lang='grc' dir='ltr'><strong><em>ου’τοῖς</em></strong></span> <span class='ocrx_word' id='word_1_171' title='bbox 633 2223 677 2294; x_wconf 79' lang='grc' dir='ltr'><strong><em>εἰς</em></strong></span> <span class='ocrx_word' id='word_1_172' title='bbox 700 2221 786 2294; x_wconf 86' lang='grc' dir='ltr'><strong><em>τέλος</em></strong></span> <span class='ocrx_word' id='word_1_173' title='bbox 808 2217 886 2304; x_wconf 81' lang='grc' dir='ltr'><strong><em>ἥκει.</em></strong></span> <span class='ocrx_word' id='word_1_174' title='bbox 918 2215 1103 2305; x_wconf 76' lang='grc' dir='ltr'><strong><em>Ἀρμπενος</em></strong></span> <span class='ocrx_word' id='word_1_175' title='bbox 1122 2222 1158 2286; x_wconf 82' lang='grc' dir='ltr'><strong>δέ</strong></span> <span class='ocrx_word' id='word_1_176' title='bbox 1176 2223 1223 2295; x_wconf 82' lang='grc' dir='ltr'><strong><em>είς</em></strong></span> <span class='ocrx_word' id='word_1_177' title='bbox 1240 2215 1402 2305; x_wconf 74' lang='grc' dir='ltr'><strong><em>Βίρῥοιαν</em></strong></span> 
     </span>
     <span class='ocr_line' id='line_1_21' title="bbox 320 2317 1443 2404; baseline -0.004 -20"><span class='ocrx_word' id='word_1_178' title='bbox 320 2317 436 2396; x_wconf 69' lang='lat' dir='ltr'><strong>tardo,</strong></span> <span class='ocrx_word' id='word_1_179' title='bbox 465 2317 505 2384; x_wconf 83' lang='grc' dir='ltr'><strong>τύ</strong></span> <span class='ocrx_word' id='word_1_180' title='bbox 536 2343 569 2384; x_wconf 89' lang='grc' dir='ltr'><strong><em>τε</em></strong></span> <span class='ocrx_word' id='word_1_181' title='bbox 591 2317 903 2404; x_wconf 84' lang='grc' dir='ltr'><strong><em>Κρύλη·γράμματα</em></strong></span> <span class='ocrx_word' id='word_1_182' title='bbox 935 2325 1100 2401; x_wconf 85' lang='grc' dir='ltr'><strong><em>παρείχετο</em></strong></span> <span class='ocrx_word' id='word_1_183' title='bbox 1130 2319 1443 2402; x_wconf 73' lang='grc' dir='ltr'><strong><em>α’ναγινούσκεσθαιοο</em></strong></span> 
     </span>
     <span class='ocr_line' id='line_1_22' title="bbox 319 2415 1401 2505; baseline -0.003 -22"><span class='ocrx_word' id='word_1_184' title='bbox 319 2420 370 2483; x_wconf 72' lang='lat' dir='ltr'><strong>ru’</strong></span> <span class='ocrx_word' id='word_1_185' title='bbox 389 2420 553 2502; x_wconf 73' lang='grc' dir='ltr'><strong><em>ἐκκλησίας</em></strong></span> <span class='ocrx_word' id='word_1_186' title='bbox 573 2416 628 2481; x_wconf 72' lang='lat' dir='ltr'><strong>nat</strong></span> <span class='ocrx_word' id='word_1_187' title='bbox 646 2415 685 2483; x_wconf 77' lang='lat' dir='ltr'><strong>sci</strong></span> <span class='ocrx_word' id='word_1_188' title='bbox 706 2421 862 2501; x_wconf 81' lang='grc' dir='ltr'><strong><em>βασιλέως</em></strong></span> <span class='ocrx_word' id='word_1_189' title='bbox 881 2426 948 2492; x_wconf 84' lang='grc' dir='ltr'><strong><em>τοῖς</em></strong></span> <span class='ocrx_word' id='word_1_190' title='bbox 967 2420 1151 2503; x_wconf 78' lang='grc' dir='ltr'><strong><em>ἐπιτηδείοις</em></strong></span> <span class='ocrx_word' id='word_1_191' title='bbox 1171 2415 1281 2505; x_wconf 74' lang='grc' dir='ltr'><strong><em>ιιρύφα</em></strong></span> <span class='ocrx_word' id='word_1_192' title='bbox 1300 2415 1401 2480; x_wconf 81' lang='grc' dir='ltr'><strong><em>διεδί-</em></strong></span> 
     </span>
     <span class='ocr_line' id='line_1_23' title="bbox 321 2512 1402 2603; baseline -0.002 -23"><span class='ocrx_word' id='word_1_193' title='bbox 321 2518 390 2580; x_wconf 85' lang='grc' dir='ltr'><strong><em>δου.</em></strong></span> <span class='ocrx_word' id='word_1_194' title='bbox 430 2516 632 2602; x_wconf 72' lang='grc' dir='ltr'><strong><em>Βερέροιιόται</em></strong></span> <span class='ocrx_word' id='word_1_195' title='bbox 662 2518 698 2580; x_wconf 79' lang='grc' dir='ltr'><strong>δέ</strong></span> <span class='ocrx_word' id='word_1_196' title='bbox 724 2516 779 2580; x_wconf 81' lang='grc' dir='ltr'><strong><em>καί</em></strong></span> <span class='ocrx_word' id='word_1_197' title='bbox 801 2516 952 2601; x_wconf 88' lang='grc' dir='ltr'><strong><em>πρότερον</em></strong></span> <span class='ocrx_word' id='word_1_198' title='bbox 969 2520 1029 2596; x_wconf 84' lang='grc' dir='ltr'><strong>μὲν</strong></span> <span class='ocrx_word' id='word_1_199' title='bbox 1048 2515 1090 2580; x_wconf 80' lang='grc' dir='ltr'><strong>τύ</strong></span> <span class='ocrx_word' id='word_1_200' title='bbox 1107 2518 1262 2598; x_wconf 79' lang='grc' dir='ltr'><strong><em>βασιλέως</em></strong></span> <span class='ocrx_word' id='word_1_201' title='bbox 1281 2512 1402 2603; x_wconf 73' lang='grc' dir='ltr'><strong><em>ᾖρημέ·</em></strong></span> 
     </span>
     <span class='ocr_line' id='line_1_24' title="bbox 320 2608 1399 2700; baseline -0.005 -19"><span class='ocrx_word' id='word_1_202' title='bbox 320 2637 370 2681; x_wconf 77' lang='grc' dir='ltr'><strong>νοι</strong></span> <span class='ocrx_word' id='word_1_203' title='bbox 399 2616 432 2679; x_wconf 81' lang='grc' dir='ltr'><strong>σί</strong></span> <span class='ocrx_word' id='word_1_204' title='bbox 457 2638 491 2679; x_wconf 84' lang='grc' dir='ltr'><strong><em>ιε</em></strong></span> <span class='ocrx_word' id='word_1_205' title='bbox 513 2608 636 2699; x_wconf 70' lang='grc' dir='ltr'><strong><em>ἄριστοι</em></strong></span> <span class='ocrx_word' id='word_1_206' title='bbox 659 2612 774 2696; x_wconf 81' lang='grc' dir='ltr'><strong><em>ὁμοίως</em></strong></span> <span class='ocrx_word' id='word_1_207' title='bbox 794 2614 849 2679; x_wconf 77' lang='grc' dir='ltr'><strong><em>καί</em></strong></span> <span class='ocrx_word' id='word_1_208' title='bbox 868 2613 886 2677; x_wconf 82' lang='grc' dir='ltr'><strong><em>δ</em></strong></span> <span class='ocrx_word' id='word_1_209' title='bbox 908 2617 1008 2700; x_wconf 74' lang='grc' dir='ltr'><strong><em>δῆμος</em></strong></span> <span class='ocrx_word' id='word_1_210' title='bbox 1028 2608 1120 2699; x_wconf 76' lang='grc' dir='ltr'><strong><em>ἦσαν,</em></strong></span> <span class='ocrx_word' id='word_1_211' title='bbox 1141 2617 1196 2681; x_wconf 84' lang='grc' dir='ltr'><strong><em>καί</em></strong></span> <span class='ocrx_word' id='word_1_212' title='bbox 1213 2612 1284 2680; x_wconf 80' lang='grc' dir='ltr'><strong><em>τότε</em></strong></span> <span class='ocrx_word' id='word_1_213' title='bbox 1304 2616 1341 2677; x_wconf 79' lang='grc' dir='ltr'><strong>δέ</strong></span> <span class='ocrx_word' id='word_1_214' title='bbox 1361 2609 1399 2677; x_wconf 80' lang='grc' dir='ltr'><strong>ύ-</strong></span> 
     </span>
    </p>
   </div>
   <div class='ocr_carea' id='block_1_3' title="bbox 391 2754 891 2827">
    <p class='ocr_par' dir='ltr' id='par_1_10' title="bbox 391 2754 891 2827">
     <span class='ocr_line' id='line_1_25' title="bbox 391 2754 891 2827; baseline 0.004 -18"><span class='ocrx_word' id='word_1_215' title='bbox 391 2774 414 2827; x_wconf 79' lang='lat'><strong>7.</strong></span> <span class='ocrx_word' id='word_1_216' title='bbox 432 2754 530 2816; x_wconf 81' lang='grc' dir='ltr'><strong><em>αύιοῖς</em></strong></span> <span class='ocrx_word' id='word_1_217' title='bbox 548 2774 599 2809; x_wconf 89' lang='lat' dir='ltr'><strong>om.</strong></span> <span class='ocrx_word' id='word_1_218' title='bbox 618 2756 644 2807; x_wconf 88' lang='lat' dir='ltr'><strong>P.</strong></span> <span class='ocrx_word' id='word_1_219' title='bbox 739 2775 778 2815; x_wconf 91' lang='grc' dir='ltr'><strong>ιο.</strong></span> <span class='ocrx_word' id='word_1_220' title='bbox 787 2758 844 2812; x_wconf 77' lang='grc' dir='ltr'><strong>τῶν</strong></span> <span class='ocrx_word' id='word_1_221' title='bbox 861 2760 891 2811; x_wconf 87' lang='lat' dir='ltr'><strong>l’.</strong></span> 
     </span>
    </p>
   </div>
   <div class='ocr_carea' id='block_1_4' title="bbox 218 2896 1401 4301">
    <p class='ocr_par' dir='ltr' id='par_1_11' title="bbox 317 2896 1401 4087">
     <span class='ocr_line' id='line_1_26' title="bbox 324 2896 1398 2970; baseline 0 -19"><span class='ocrx_word' id='word_1_222' title='bbox 324 2896 451 2952; x_wconf 78' lang='lat' dir='ltr'><strong>rhoeotas</strong></span> <span class='ocrx_word' id='word_1_223' title='bbox 469 2908 539 2970; x_wconf 85' lang='lat' dir='ltr'><strong>agat.</strong></span> <span class='ocrx_word' id='word_1_224' title='bbox 560 2898 631 2951; x_wconf 78' lang='lat' dir='ltr'><strong>&#39;Hoc</strong></span> <span class='ocrx_word' id='word_1_225' title='bbox 647 2914 766 2969; x_wconf 83' lang='lat' dir='ltr'><strong>namque</strong></span> <span class='ocrx_word' id='word_1_226' title='bbox 785 2906 814 2951; x_wconf 88' lang='lat' dir='ltr'><strong>et</strong></span> <span class='ocrx_word' id='word_1_227' title='bbox 830 2900 986 2968; x_wconf 82' lang='lat' dir='ltr'><strong>imperatori</strong></span> <span class='ocrx_word' id='word_1_228' title='bbox 1004 2900 1062 2951; x_wconf 84' lang='lat' dir='ltr'><strong>fore</strong></span> <span class='ocrx_word' id='word_1_229' title='bbox 1081 2900 1273 2963; x_wconf 85' lang='lat' dir='ltr'><strong>utilissimum,</strong></span> <span class='ocrx_word' id='word_1_230' title='bbox 1289 2908 1318 2953; x_wconf 85' lang='lat' dir='ltr'><strong>et</strong></span> <span class='ocrx_word' id='word_1_231' title='bbox 1334 2916 1398 2953; x_wconf 86' lang='lat' dir='ltr'><strong>con·</strong></span> 
     </span>
     <span class='ocr_line' id='line_1_27' title="bbox 322 2968 1395 3039; baseline 0.004 -20"><span class='ocrx_word' id='word_1_232' title='bbox 322 2982 441 3037; x_wconf 75' lang='lat' dir='ltr'><strong>gressum</strong></span> <span class='ocrx_word' id='word_1_233' title='bbox 460 2968 533 3023; x_wconf 90' lang='lat' dir='ltr'><strong>hunc</strong></span> <span class='ocrx_word' id='word_1_234' title='bbox 553 2970 606 3021; x_wconf 91' lang='lat' dir='ltr'><strong>sibi</strong></span> <span class='ocrx_word' id='word_1_235' title='bbox 622 2970 773 3039; x_wconf 88' lang='lat' dir='ltr'><strong>perieulum</strong></span> <span class='ocrx_word' id='word_1_236' title='bbox 797 2970 903 3021; x_wconf 87' lang='lat' dir='ltr'><strong>nulium</strong></span> <span class='ocrx_word' id='word_1_237' title='bbox 924 2978 1096 3032; x_wconf 79' lang='lat' dir='ltr'><strong>creaturum,</strong></span> <span class='ocrx_word' id='word_1_238' title='bbox 1116 2973 1139 3023; x_wconf 91' lang='lat' dir='ltr'><strong>si</strong></span> <span class='ocrx_word' id='word_1_239' title='bbox 1156 2970 1220 3022; x_wconf 86' lang='lat' dir='ltr'><strong>urbs</strong></span> <span class='ocrx_word' id='word_1_240' title='bbox 1249 2973 1275 3022; x_wconf 89' lang='lat' dir='ltr'><strong>ei</strong></span> <span class='ocrx_word' id='word_1_241' title='bbox 1297 2988 1327 3022; x_wconf 89' lang='lat' dir='ltr'><strong>se</strong></span> <span class='ocrx_word' id='word_1_242' title='bbox 1343 2972 1395 3024; x_wconf 84' lang='lat' dir='ltr'><strong>ad·</strong></span> 
     </span>
     <span class='ocr_line' id='line_1_28' title="bbox 321 3036 1398 3111; baseline 0.005 -23"><span class='ocrx_word' id='word_1_243' title='bbox 321 3040 449 3099; x_wconf 79' lang='lat' dir='ltr'><strong>iusserit,</strong></span> <span class='ocrx_word' id='word_1_244' title='bbox 468 3036 637 3111; x_wconf 81' lang='lat' dir='ltr'><strong>Amplectens</strong></span> <span class='ocrx_word' id='word_1_245' title='bbox 650 3040 793 3091; x_wconf 87' lang='lat' dir='ltr'><strong>consilium</strong></span> <span class='ocrx_word' id='word_1_246' title='bbox 811 3041 957 3108; x_wconf 86' lang='lat' dir='ltr'><strong>imperator</strong></span> <span class='ocrx_word' id='word_1_247' title='bbox 973 3040 1063 3093; x_wconf 87' lang='lat' dir='ltr'><strong>statim</strong></span> <span class='ocrx_word' id='word_1_248' title='bbox 1077 3040 1111 3093; x_wconf 88' lang='lat' dir='ltr'><strong>ad</strong></span> <span class='ocrx_word' id='word_1_249' title='bbox 1124 3040 1232 3093; x_wconf 86' lang='lat' dir='ltr'><strong>Cralern</strong></span> <span class='ocrx_word' id='word_1_250' title='bbox 1247 3041 1314 3106; x_wconf 86' lang='lat' dir='ltr'><strong>adit,</strong></span> <span class='ocrx_word' id='word_1_251' title='bbox 1331 3059 1398 3093; x_wconf 87' lang='lat' dir='ltr'><strong>nonr</strong></span> 
     </span>
     <span class='ocr_line' id='line_1_29' title="bbox 320 3108 1401 3179; baseline 0 -18"><span class='ocrx_word' id='word_1_252' title='bbox 320 3110 458 3163; x_wconf 78' lang='lat' dir='ltr'><strong>Arbennm</strong></span> <span class='ocrx_word' id='word_1_253' title='bbox 477 3109 636 3162; x_wconf 83' lang='lat' dir='ltr'><strong>Berrhoearn</strong></span> <span class='ocrx_word' id='word_1_254' title='bbox 655 3112 763 3161; x_wconf 88' lang='lat' dir='ltr'><strong>mittere</strong></span> <span class='ocrx_word' id='word_1_255' title='bbox 781 3110 862 3172; x_wconf 81' lang='lat' dir='ltr'><strong>velit,</strong></span> <span class='ocrx_word' id='word_1_256' title='bbox 880 3118 1078 3179; x_wconf 79' lang='lat' dir='ltr'><strong>percunctatur.</strong></span> <span class='ocrx_word' id='word_1_257' title='bbox 1113 3108 1176 3179; x_wconf 85' lang='lat' dir='ltr'><strong>Quo</strong></span> <span class='ocrx_word' id='word_1_258' title='bbox 1195 3112 1302 3175; x_wconf 82' lang='lat' dir='ltr'><strong>aiente,</strong></span> <span class='ocrx_word' id='word_1_259' title='bbox 1320 3114 1401 3163; x_wconf 82' lang='lat' dir='ltr'><strong>vole·</strong></span> 
     </span>
     <span class='ocr_line' id='line_1_30' title="bbox 320 3178 1399 3251; baseline 0 -19"><span class='ocrx_word' id='word_1_260' title='bbox 320 3180 385 3232; x_wconf 85' lang='lat' dir='ltr'><strong>bam</strong></span> <span class='ocrx_word' id='word_1_261' title='bbox 413 3181 517 3251; x_wconf 87' lang='lat' dir='ltr'><strong>etipse</strong></span> <span class='ocrx_word' id='word_1_262' title='bbox 546 3181 581 3231; x_wconf 87' lang='lat' dir='ltr'><strong>ad</strong></span> <span class='ocrx_word' id='word_1_263' title='bbox 615 3194 660 3229; x_wconf 89' lang='lat' dir='ltr'><strong>eos</strong></span> <span class='ocrx_word' id='word_1_264' title='bbox 692 3178 826 3242; x_wconf 88' lang='lat' dir='ltr'><strong>scribere,</strong></span> <span class='ocrx_word' id='word_1_265' title='bbox 853 3181 963 3249; x_wconf 86' lang='lat' dir='ltr'><strong>inquit,</strong></span> <span class='ocrx_word' id='word_1_266' title='bbox 981 3196 1082 3251; x_wconf 87' lang='lat' dir='ltr'><strong>eosque</strong></span> <span class='ocrx_word' id='word_1_267' title='bbox 1109 3196 1203 3244; x_wconf 89' lang='lat' dir='ltr'><strong>orare,</strong></span> <span class='ocrx_word' id='word_1_268' title='bbox 1232 3184 1273 3233; x_wconf 89' lang='lat' dir='ltr'><strong>uti</strong></span> <span class='ocrx_word' id='word_1_269' title='bbox 1297 3198 1341 3233; x_wconf 87' lang='lat' dir='ltr'><strong>me</strong></span> <span class='ocrx_word' id='word_1_270' title='bbox 1368 3182 1399 3232; x_wconf 89' lang='lat' dir='ltr'><strong>in</strong></span> 
     </span>
     <span class='ocr_line' id='line_1_31' title="bbox 321 3248 1398 3321; baseline 0.003 -21"><span class='ocrx_word' id='word_1_271' title='bbox 321 3250 417 3301; x_wconf 88' lang='lat' dir='ltr'><strong>urbem</strong></span> <span class='ocrx_word' id='word_1_272' title='bbox 436 3252 617 3303; x_wconf 73' lang='lat' dir='ltr'><strong>admitterent.</strong></span> <span class='ocrx_word' id='word_1_273' title='bbox 654 3248 707 3299; x_wconf 88' lang='lat' dir='ltr'><strong>Sed</strong></span> <span class='ocrx_word' id='word_1_274' title='bbox 729 3266 832 3301; x_wconf 86' lang='lat' dir='ltr'><strong>rnecuns</strong></span> <span class='ocrx_word' id='word_1_275' title='bbox 852 3258 986 3317; x_wconf 82' lang='lat' dir='ltr'><strong>repetens,</strong></span> <span class='ocrx_word' id='word_1_276' title='bbox 1003 3267 1057 3321; x_wconf 91' lang='lat' dir='ltr'><strong>quo</strong></span> <span class='ocrx_word' id='word_1_277' title='bbox 1077 3260 1156 3318; x_wconf 79' lang='lat' dir='ltr'><strong>paeto</strong></span> <span class='ocrx_word' id='word_1_278' title='bbox 1175 3252 1291 3319; x_wconf 78' lang='lat' dir='ltr'><strong>legatum</strong></span> <span class='ocrx_word' id='word_1_279' title='bbox 1307 3268 1398 3303; x_wconf 83' lang='lat' dir='ltr'><strong>meum</strong></span> 
     </span>
     <span class='ocr_line' id='line_1_32' title="bbox 320 3318 1398 3389; baseline 0.003 -20"><span class='ocrx_word' id='word_1_280' title='bbox 320 3318 434 3373; x_wconf 81' lang='lat' dir='ltr'><strong>Pheraei</strong></span> <span class='ocrx_word' id='word_1_281' title='bbox 460 3330 523 3373; x_wconf 91' lang='lat' dir='ltr'><strong>ante</strong></span> <span class='ocrx_word' id='word_1_282' title='bbox 548 3320 734 3377; x_wconf 80' lang='lat' dir='ltr'><strong>tractaverint,</strong></span> <span class='ocrx_word' id='word_1_283' title='bbox 764 3336 846 3389; x_wconf 84' lang='lat' dir='ltr'><strong>quern</strong></span> <span class='ocrx_word' id='word_1_284' title='bbox 869 3319 1104 3381; x_wconf 78' lang='lat' dir='ltr'><strong>contrucidarunt,</strong></span> <span class='ocrx_word' id='word_1_285' title='bbox 1127 3330 1223 3389; x_wconf 88' lang='lat' dir='ltr'><strong>coepto</strong></span> <span class='ocrx_word' id='word_1_286' title='bbox 1245 3321 1338 3373; x_wconf 89' lang='lat' dir='ltr'><strong>destiti</strong></span> <span class='ocrx_word' id='word_1_287' title='bbox 1357 3323 1398 3372; x_wconf 88' lang='lat' dir='ltr'><strong>ti·</strong></span> 
     </span>
     <span class='ocr_line' id='line_1_33' title="bbox 320 3389 1397 3462; baseline 0.001 -22"><span class='ocrx_word' id='word_1_288' title='bbox 320 3391 449 3462; x_wconf 83' lang='lat' dir='ltr'><strong>tuuique,</strong></span> <span class='ocrx_word' id='word_1_289' title='bbox 469 3408 503 3443; x_wconf 87' lang='lat' dir='ltr'><strong>na</strong></span> <span class='ocrx_word' id='word_1_290' title='bbox 520 3391 603 3441; x_wconf 89' lang='lat' dir='ltr'><strong>alium</strong></span> <span class='ocrx_word' id='word_1_291' title='bbox 625 3390 652 3440; x_wconf 94' lang='lat' dir='ltr'><strong>in</strong></span> <span class='ocrx_word' id='word_1_292' title='bbox 672 3389 760 3440; x_wconf 89' lang='lat' dir='ltr'><strong>simile</strong></span> <span class='ocrx_word' id='word_1_293' title='bbox 781 3390 882 3440; x_wconf 84' lang='lat' dir='ltr'><strong>mulum</strong></span> <span class='ocrx_word' id='word_1_294' title='bbox 901 3392 1071 3448; x_wconf 79' lang='lat' dir='ltr'><strong>coniicerem,</strong></span> <span class='ocrx_word' id='word_1_295' title='bbox 1114 3390 1281 3445; x_wconf 83' lang='lat' dir='ltr'><strong>Hortabatur</strong></span> <span class='ocrx_word' id='word_1_296' title='bbox 1301 3396 1397 3461; x_wconf 66' lang='lat' dir='ltr'><strong>itaque</strong></span> 
     </span>
     <span class='ocr_line' id='line_1_34' title="bbox 320 3458 1396 3529; baseline 0 -17"><span class='ocrx_word' id='word_1_297' title='bbox 320 3458 444 3522; x_wconf 75' lang='lat' dir='ltr'><strong>cratem,</strong></span> <span class='ocrx_word' id='word_1_298' title='bbox 471 3467 503 3511; x_wconf 89' lang='lat' dir='ltr'><strong>ut</strong></span> <span class='ocrx_word' id='word_1_299' title='bbox 532 3461 590 3529; x_wconf 87' lang='lat' dir='ltr'><strong>ipse</strong></span> <span class='ocrx_word' id='word_1_300' title='bbox 620 3460 712 3527; x_wconf 89' lang='lat' dir='ltr'><strong>potius</strong></span> <span class='ocrx_word' id='word_1_301' title='bbox 734 3476 783 3527; x_wconf 89' lang='lat' dir='ltr'><strong>pro</strong></span> <span class='ocrx_word' id='word_1_302' title='bbox 811 3475 839 3509; x_wconf 85' lang='lat' dir='ltr'><strong>se</strong></span> <span class='ocrx_word' id='word_1_303' title='bbox 859 3460 1003 3523; x_wconf 88' lang='lat' dir='ltr'><strong>scriberet,</strong></span> <span class='ocrx_word' id='word_1_304' title='bbox 1031 3469 1060 3512; x_wconf 89' lang='lat' dir='ltr'><strong>et</strong></span> <span class='ocrx_word' id='word_1_305' title='bbox 1076 3460 1163 3511; x_wconf 90' lang='lat' dir='ltr'><strong>nihilo</strong></span> <span class='ocrx_word' id='word_1_306' title='bbox 1181 3463 1269 3512; x_wconf 87' lang='lat' dir='ltr'><strong>miuus</strong></span> <span class='ocrx_word' id='word_1_307' title='bbox 1286 3462 1396 3513; x_wconf 79' lang='lat' dir='ltr'><strong>Arbeno</strong></span> 
     </span>
     <span class='ocr_line' id='line_1_35' title="bbox 320 3528 1394 3599; baseline 0.005 -21"><span class='ocrx_word' id='word_1_308' title='bbox 320 3530 479 3591; x_wconf 84' lang='lat' dir='ltr'><strong>mandaret,</strong></span> <span class='ocrx_word' id='word_1_309' title='bbox 498 3538 529 3580; x_wconf 92' lang='lat' dir='ltr'><strong>ut</strong></span> <span class='ocrx_word' id='word_1_310' title='bbox 547 3532 569 3579; x_wconf 92' lang='lat' dir='ltr'><strong>is</strong></span> <span class='ocrx_word' id='word_1_311' title='bbox 590 3528 730 3579; x_wconf 89' lang='lat' dir='ltr'><strong>amborum</strong></span> <span class='ocrx_word' id='word_1_312' title='bbox 750 3531 822 3578; x_wconf 86' lang='lat' dir='ltr'><strong>inter</strong></span> <span class='ocrx_word' id='word_1_313' title='bbox 839 3544 867 3579; x_wconf 92' lang='lat' dir='ltr'><strong>se</strong></span> <span class='ocrx_word' id='word_1_314' title='bbox 883 3529 992 3581; x_wconf 83' lang='lat' dir='ltr'><strong>foedera</strong></span> <span class='ocrx_word' id='word_1_315' title='bbox 1003 3533 1113 3582; x_wconf 80' lang='lat' dir='ltr'><strong>&#39;sancita</strong></span> <span class='ocrx_word' id='word_1_316' title='bbox 1132 3531 1223 3599; x_wconf 81' lang='lat' dir='ltr'><strong>palam</strong></span> <span class='ocrx_word' id='word_1_317' title='bbox 1241 3532 1394 3585; x_wconf 82' lang='lat' dir='ltr'><strong>indicaret:</strong></span> 
     </span>
     <span class='ocr_line' id='line_1_36' title="bbox 320 3598 1398 3671; baseline 0.002 -24"><span class='ocrx_word' id='word_1_318' title='bbox 320 3604 349 3647; x_wconf 90' lang='lat' dir='ltr'><strong>et</strong></span> <span class='ocrx_word' id='word_1_319' title='bbox 369 3600 421 3667; x_wconf 88' lang='lat' dir='ltr'><strong>ipsi</strong></span> <span class='ocrx_word' id='word_1_320' title='bbox 449 3602 530 3661; x_wconf 79' lang='lat' dir='ltr'><strong>etiam¹</strong></span> <span class='ocrx_word' id='word_1_321' title='bbox 552 3598 687 3665; x_wconf 84' lang='lat' dir='ltr'><strong>voluptati</strong></span> <span class='ocrx_word' id='word_1_322' title='bbox 712 3598 851 3660; x_wconf 80' lang='lat' dir='ltr'><strong>futurum,</strong></span> <span class='ocrx_word' id='word_1_323' title='bbox 875 3600 898 3649; x_wconf 86' lang='lat' dir='ltr'><strong>si</strong></span> <span class='ocrx_word' id='word_1_324' title='bbox 918 3598 953 3650; x_wconf 89' lang='lat' dir='ltr'><strong>ad</strong></span> <span class='ocrx_word' id='word_1_325' title='bbox 977 3600 1193 3650; x_wconf 79' lang='lat' dir='ltr'><strong>Cantaeuzenuur</strong></span> <span class='ocrx_word' id='word_1_326' title='bbox 1221 3618 1250 3652; x_wconf 91' lang='lat' dir='ltr'><strong>se</strong></span> <span class='ocrx_word' id='word_1_327' title='bbox 1268 3618 1398 3671; x_wconf 77' lang='lat' dir='ltr'><strong>aggrega·</strong></span> 
     </span>
     <span class='ocr_line' id='line_1_37' title="bbox 318 3666 1399 3737; baseline 0.006 -20"><span class='ocrx_word' id='word_1_328' title='bbox 318 3666 382 3718; x_wconf 81' lang='lat' dir='ltr'><strong>rint</strong></span> <span class='ocrx_word' id='word_1_329' title='bbox 427 3668 518 3721; x_wconf 82' lang='lat' dir='ltr'><strong>Crates</strong></span> <span class='ocrx_word' id='word_1_330' title='bbox 544 3685 575 3719; x_wconf 87' lang='lat' dir='ltr'><strong>eo</strong></span> <span class='ocrx_word' id='word_1_331' title='bbox 597 3666 742 3731; x_wconf 76' lang='lat' dir='ltr'><strong>dictante,</strong></span> <span class='ocrx_word' id='word_1_332' title='bbox 774 3684 842 3737; x_wconf 87' lang='lat' dir='ltr'><strong>quas</strong></span> <span class='ocrx_word' id='word_1_333' title='bbox 869 3668 923 3720; x_wconf 91' lang='lat' dir='ltr'><strong>sibi</strong></span> <span class='ocrx_word' id='word_1_334' title='bbox 955 3668 1109 3721; x_wconf 84' lang='lat' dir='ltr'><strong>commodas</strong></span> <span class='ocrx_word' id='word_1_335' title='bbox 1137 3670 1265 3734; x_wconf 80' lang='lat' dir='ltr'><strong>duceret,</strong></span> <span class='ocrx_word' id='word_1_336' title='bbox 1292 3671 1399 3723; x_wconf 79' lang='lat' dir='ltr'><strong>exarari</strong></span> 
     </span>
     <span class='ocr_line' id='line_1_38' title="bbox 318 3734 1397 3807; baseline 0.005 -21"><span class='ocrx_word' id='word_1_337' title='bbox 318 3734 424 3788; x_wconf 88' lang='lat' dir='ltr'><strong>litteras</strong></span> <span class='ocrx_word' id='word_1_338' title='bbox 452 3736 590 3807; x_wconf 77' lang='lat' dir='ltr'><strong>permisit,</strong></span> <span class='ocrx_word' id='word_1_339' title='bbox 616 3738 781 3807; x_wconf 74' lang='lat' dir='ltr'><strong>Arbeuoque</strong></span> <span class='ocrx_word' id='word_1_340' title='bbox 799 3742 955 3807; x_wconf 82' lang='lat' dir='ltr'><strong>praecepit,</strong></span> <span class='ocrx_word' id='word_1_341' title='bbox 983 3756 1032 3807; x_wconf 89' lang='lat' dir='ltr'><strong>pro</strong></span> <span class='ocrx_word' id='word_1_342' title='bbox 1057 3741 1220 3807; x_wconf 85' lang='lat' dir='ltr'><strong>imperatore</strong></span> <span class='ocrx_word' id='word_1_343' title='bbox 1239 3742 1312 3807; x_wconf 83' lang='lat' dir='ltr'><strong>apud</strong></span> <span class='ocrx_word' id='word_1_344' title='bbox 1330 3744 1397 3791; x_wconf 86' lang='lat' dir='ltr'><strong>Ber·</strong></span> 
     </span>
     <span class='ocr_line' id='line_1_39' title="bbox 318 3804 1398 3890; baseline 0.004 -33"><span class='ocrx_word' id='word_1_345' title='bbox 318 3804 446 3858; x_wconf 82' lang='lat' dir='ltr'><strong>rhoeotas</strong></span> <span class='ocrx_word' id='word_1_346' title='bbox 471 3807 615 3858; x_wconf 71' lang='lat' dir='ltr'><strong>dissereret</strong></span> <span class='ocrx_word' id='word_1_347' title='bbox 635 3808 752 3890; x_wconf 75' lang='lat' dir='ltr'><strong>illosque</strong></span> <span class='ocrx_word' id='word_1_348' title='bbox 770 3808 907 3869; x_wconf 85' lang='lat' dir='ltr'><strong>doceret‚·</strong></span> <span class='ocrx_word' id='word_1_349' title='bbox 927 3808 1033 3860; x_wconf 86' lang='lat' dir='ltr'><strong>Cratero</strong></span> <span class='ocrx_word' id='word_1_350' title='bbox 1054 3810 1197 3873; x_wconf 80' lang='lat' dir='ltr'><strong>arbitrari,</strong></span> <span class='ocrx_word' id='word_1_351' title='bbox 1215 3810 1287 3861; x_wconf 84' lang='lat' dir='ltr'><strong>nihil</strong></span> <span class='ocrx_word' id='word_1_352' title='bbox 1305 3811 1398 3865; x_wconf 84' lang='lat' dir='ltr'><strong>inter·</strong></span> 
     </span>
     <span class='ocr_line' id='line_1_40' title="bbox 319 3876 1398 3945; baseline 0.002 -18"><span class='ocrx_word' id='word_1_353' title='bbox 319 3890 396 3939; x_wconf 86' lang='lat' dir='ltr'><strong>csse,</strong></span> <span class='ocrx_word' id='word_1_354' title='bbox 422 3876 577 3945; x_wconf 74' lang='lat' dir='ltr'><strong>adipsum,</strong></span> <span class='ocrx_word' id='word_1_355' title='bbox 601 3892 635 3928; x_wconf 89' lang='lat' dir='ltr'><strong>an</strong></span> <span class='ocrx_word' id='word_1_356' title='bbox 654 3878 688 3927; x_wconf 90' lang='lat' dir='ltr'><strong>ad</strong></span> <span class='ocrx_word' id='word_1_357' title='bbox 707 3879 784 3929; x_wconf 80' lang='lat' dir='ltr'><strong>illurn</strong></span> <span class='ocrx_word' id='word_1_358' title='bbox 805 3896 833 3929; x_wconf 93' lang='lat' dir='ltr'><strong>se</strong></span> <span class='ocrx_word' id='word_1_359' title='bbox 852 3878 1014 3931; x_wconf 78' lang='lat' dir='ltr'><strong>conferrent.</strong></span> <span class='ocrx_word' id='word_1_360' title='bbox 1061 3879 1107 3931; x_wconf 84' lang='lat' dir='ltr'><strong>Sic</strong></span> <span class='ocrx_word' id='word_1_361' title='bbox 1130 3881 1187 3931; x_wconf 89' lang='lat' dir='ltr'><strong>illis</strong></span> <span class='ocrx_word' id='word_1_362' title='bbox 1215 3890 1398 3932; x_wconf 83' lang='lat' dir='ltr'><strong>commentum</strong></span> 
     </span>
     <span class='ocr_line' id='line_1_41' title="bbox 319 3946 1398 4019; baseline 0 -20"><span class='ocrx_word' id='word_1_363' title='bbox 319 3962 353 3999; x_wconf 82' lang='lat' dir='ltr'><strong>ex</strong></span> <span class='ocrx_word' id='word_1_364' title='bbox 376 3946 461 3999; x_wconf 86' lang='lat' dir='ltr'><strong>animi</strong></span> <span class='ocrx_word' id='word_1_365' title='bbox 486 3948 621 3999; x_wconf 86' lang='lat' dir='ltr'><strong>sententia</strong></span> <span class='ocrx_word' id='word_1_366' title='bbox 640 3950 776 4016; x_wconf 88' lang='lat' dir='ltr'><strong>processit.</strong></span> <span class='ocrx_word' id='word_1_367' title='bbox 813 3949 937 4001; x_wconf 79' lang='lat' dir='ltr'><strong>Arbcnus</strong></span> <span class='ocrx_word' id='word_1_368' title='bbox 956 3948 1116 4001; x_wconf 81' lang='lat' dir='ltr'><strong>Berrhoeanr</strong></span> <span class='ocrx_word' id='word_1_369' title='bbox 1135 3952 1284 4019; x_wconf 81' lang='lat' dir='ltr'><strong>ingressus,</strong></span> <span class='ocrx_word' id='word_1_370' title='bbox 1308 3952 1398 4002; x_wconf 79' lang='lat' dir='ltr'><strong>cisiis</strong></span> 
     </span>
     <span class='ocr_line' id='line_1_42' title="bbox 317 4016 1399 4087; baseline 0.005 -20"><span class='ocrx_word' id='word_1_371' title='bbox 317 4016 423 4069; x_wconf 79' lang='lat' dir='ltr'><strong>litteras</strong></span> <span class='ocrx_word' id='word_1_372' title='bbox 442 4020 471 4069; x_wconf 88' lang='lat' dir='ltr'><strong>in</strong></span> <span class='ocrx_word' id='word_1_373' title='bbox 498 4026 632 4068; x_wconf 85' lang='lat' dir='ltr'><strong>conventu</strong></span> <span class='ocrx_word' id='word_1_374' title='bbox 651 4018 802 4069; x_wconf 85' lang='lat' dir='ltr'><strong>recitandus</strong></span> <span class='ocrx_word' id='word_1_375' title='bbox 822 4018 949 4070; x_wconf 77' lang='lat' dir='ltr'><strong>exhibet:</strong></span> <span class='ocrx_word' id='word_1_376' title='bbox 969 4028 997 4070; x_wconf 88' lang='lat' dir='ltr'><strong>et</strong></span> <span class='ocrx_word' id='word_1_377' title='bbox 1014 4020 1081 4070; x_wconf 82' lang='lat' dir='ltr'><strong>alias</strong></span> <span class='ocrx_word' id='word_1_378' title='bbox 1101 4020 1271 4087; x_wconf 81' lang='lat' dir='ltr'><strong>imperatoris</strong></span> <span class='ocrx_word' id='word_1_379' title='bbox 1289 4024 1399 4072; x_wconf 81' lang='lat' dir='ltr'><strong>occulte</strong></span> 
     </span>
    </p>

    <p class='ocr_par' dir='ltr' id='par_1_12' title="bbox 218 4086 1401 4301">
     <span class='ocr_line' id='line_1_43' title="bbox 218 4086 1401 4157; baseline 0.003 -22"><span class='ocrx_word' id='word_1_380' title='bbox 218 4100 222 4107; x_wconf 89' lang='grc'><em>·</em></span> <span class='ocrx_word' id='word_1_381' title='bbox 316 4102 366 4154; x_wconf 89' lang='lat' dir='ltr'><strong>per</strong></span> <span class='ocrx_word' id='word_1_382' title='bbox 385 4088 443 4139; x_wconf 89' lang='lat' dir='ltr'><strong>eius</strong></span> <span class='ocrx_word' id='word_1_383' title='bbox 468 4086 718 4155; x_wconf 62' lang='lat' dir='ltr'><strong>fautores‘spsrgit.</strong></span> <span class='ocrx_word' id='word_1_384' title='bbox 767 4089 947 4139; x_wconf 82' lang='lat' dir='ltr'><strong>Berrlsoeotse</strong></span> <span class='ocrx_word' id='word_1_385' title='bbox 966 4096 994 4140; x_wconf 87' lang='lat' dir='ltr'><strong>et</strong></span> <span class='ocrx_word' id='word_1_386' title='bbox 1012 4096 1091 4139; x_wconf 86' lang='lat' dir='ltr'><strong>antea</strong></span> <span class='ocrx_word' id='word_1_387' title='bbox 1109 4088 1144 4139; x_wconf 86' lang='lat' dir='ltr'><strong>ab</strong></span> <span class='ocrx_word' id='word_1_388' title='bbox 1163 4090 1327 4157; x_wconf 77' lang='lat' dir='ltr'><strong>imperatore</strong></span> <span class='ocrx_word' id='word_1_389' title='bbox 1346 4090 1401 4141; x_wconf 86' lang='lat' dir='ltr'><strong>nri-</strong></span> 
     </span>
     <span class='ocr_line' id='line_1_44' title="bbox 286 4156 1399 4231; baseline 0.003 -27"><span class='ocrx_word' id='word_1_390' title='bbox 286 4202 294 4213; x_wconf 82' lang='lat'><em>,</em></span> <span class='ocrx_word' id='word_1_391' title='bbox 316 4156 391 4209; x_wconf 87' lang='lat' dir='ltr'><strong>nime</strong></span> <span class='ocrx_word' id='word_1_392' title='bbox 410 4158 512 4220; x_wconf 87' lang='lat' dir='ltr'><strong>alieni,</strong></span> <span class='ocrx_word' id='word_1_393' title='bbox 537 4156 679 4227; x_wconf 82' lang='lat' dir='ltr'><strong>optimates</strong></span> <span class='ocrx_word' id='word_1_394' title='bbox 699 4174 786 4227; x_wconf 85' lang='lat' dir='ltr'><strong>aeque</strong></span> <span class='ocrx_word' id='word_1_395' title='bbox 805 4174 836 4209; x_wconf 87' lang='lat' dir='ltr'><strong>ac</strong></span> <span class='ocrx_word' id='word_1_396' title='bbox 852 4158 962 4225; x_wconf 81' lang='lat' dir='ltr'><strong>vulgus,</strong></span> <span class='ocrx_word' id='word_1_397' title='bbox 986 4167 1015 4210; x_wconf 91' lang='lat' dir='ltr'><strong>et</strong></span> <span class='ocrx_word' id='word_1_398' title='bbox 1037 4165 1104 4209; x_wconf 88' lang='lat' dir='ltr'><strong>tnnc</strong></span> <span class='ocrx_word' id='word_1_399' title='bbox 1128 4174 1143 4207; x_wconf 87' lang='lat' dir='ltr'><strong>a</strong></span> <span class='ocrx_word' id='word_1_400' title='bbox 1165 4159 1295 4212; x_wconf 80' lang='lat' dir='ltr'><strong>Triballis</strong></span> <span class='ocrx_word' id='word_1_401' title='bbox 1308 4158 1399 4231; x_wconf 87' lang='lat' dir='ltr'><strong>pressi</strong></span> 
     </span>
     <span class='ocr_line' id='line_1_45' title="bbox 317 4224 1396 4301; baseline 0.003 -23"><span class='ocrx_word' id='word_1_402' title='bbox 317 4224 424 4295; x_wconf 84' lang='lat' dir='ltr'><strong>(crebro</strong></span> <span class='ocrx_word' id='word_1_403' title='bbox 444 4230 518 4281; x_wconf 87' lang='lat' dir='ltr'><strong>enirn</strong></span> <span class='ocrx_word' id='word_1_404' title='bbox 540 4228 767 4299; x_wconf 83' lang='lat' dir='ltr'><strong>continenterque</strong></span> <span class='ocrx_word' id='word_1_405' title='bbox 785 4228 831 4281; x_wconf 78' lang='lat' dir='ltr'><strong>esis</strong></span> <span class='ocrx_word' id='word_1_406' title='bbox 849 4228 1025 4282; x_wconf 79' lang='lat' dir='ltr'><strong>incursabant</strong></span> <span class='ocrx_word' id='word_1_407' title='bbox 1041 4236 1071 4279; x_wconf 90' lang='lat' dir='ltr'><strong>et</strong></span> <span class='ocrx_word' id='word_1_408' title='bbox 1086 4244 1180 4298; x_wconf 76' lang='lat' dir='ltr'><strong>agrurn</strong></span> <span class='ocrx_word' id='word_1_409' title='bbox 1202 4231 1396 4301; x_wconf 82' lang='lat' dir='ltr'><strong>populationi-</strong></span> 
     </span>
    </p>
   </div>
   <div class='ocr_carea' id='block_1_5' title="bbox 0 0 1568 4900">
    <p class='ocr_par' dir='ltr' id='par_1_13' title="bbox 0 0 1568 4900">
     <span class='ocr_line' id='line_1_46' title="bbox 0 0 1568 4900; baseline 0 4"><span class='ocrx_word' id='word_1_410' title='bbox 0 0 1568 4900; x_wconf 95' lang='lat' dir='ltr'><strong> </strong></span> 
     </span>
    </p>
   </div>
  </div>
 </body>
</html>
