3125 4900
312 161 369 264 4ο
711 184 992 252 cmrsemmr

166 345 229 400 tc.
242 345 303 415 ιλλι
316 337 417 404 πολλοὶ
447 336 595 414 πολλάκις
619 338 679 405 όπό
712 338 874 424 περιόντος
898 335 945 402 ἐτι
964 340 1022 404 rosi
1046 336 1218 422 paauperes
1238 339 1393 419 βασιλέως

313 439 432 505 ἐκείνου
453 442 682 524 παρακληθείς,
704 431 776 503 orire
796 442 853 504 νόν
872 439 945 522 ἐρεῖ.
974 434 1083 520 elysio
1105 432 1259 512 τοιούτοις
1278 434 1393 521 ἔρωσιν

313 536 442 612 α’τόποις
462 540 644 620 συνέβαινεν
665 537 803 619 ἁλῶναι,
823 537 859 603 τί
872 535 907 602 τό
929 537 1049 600 κωλῦον
1068 527 1131 619 ἦν,
1153 529 1216 614 ότε,
1237 535 1393 618 βασιλέως

312 633 569 721 τετελευτηκότος,
591 633 688 711 αότός
711 635 904 720 παραλαβών
924 632 1000 710 τοός
1022 638 1140 709 παῖδας
1165 632 1241 708 τοός
1262 633 1392 715 ἐκείνου,

312 731 352 797 τό
374 733 519 814 βασιλεια
539 737 689 816 κατέσχον
703 736 737 800 ἐν
752 736 899 820 φρουρᾷ,
920 735 984 797 τῶν
998 756 1031 797 τε
1051 729 1141 796 ἔνδον
1161 733 1314 818 α’σφοιλοός
1332 736 1412 800 και-5

289 836 510 914 ῦτεχομὲνοον,
525 833 651 898 καὶτῶν
672 829 732 914 ἐξω
752 831 884 912 πόντιον,
905 834 967 896 τιόν
985 834 1045 912 μὲν
1064 831 1211 907 εὐνοϊκῶς
1230 832 1305 912 ἐμοί
1323 834 1395 897 dse-

274 995 281 1009 ‚
311 933 479 1012 κειμένων,
512 936 574 997 τοῖν
595 935 630 997 de
652 928 912 1016 όποπτησσόντων
931 928 990 1016 τήν
1009 929 1145 1012 όόναμιν
1164 927 1221 1015 τήν
1241 927 1321 1014 ἐμήν
1339 932 1397 994 καί

312 1031 386 1094 ου’όό
403 1030 588 1112 τολμώντων
609 1028 821 1116 όντιγρόζειν,
849 1028 908 1115 τήν
927 1031 1136 1114 οἰκουροόσαν
1155 1021 1243 1112 οἴγειν
1261 1030 1307 1106 εἰς
1324 1029 1394 1115 φοός

310 1131 423 1193 κακίαν
442 1123 464 1212 ἢ
486 1127 541 1216 τήν
560 1132 733 1212 ἐπιθυμίαν
750 1133 868 1210 μᾶλλον
889 1126 969 1194 κατό
991 1125 1109 1211 πολλήν
1128 1131 1185 1192 τοῦ
1202 1127 1393 1202 κωλύσοντος

310 1223 367 1310 τήν
394 1229 527 1312 ἐρημίαν
546 1230 740 1312 ἐκπληροόνς
774 1227 846 1293 νυνό
876 1231 912 1292 dd
942 1222 980 1292 οό
1004 1223 1102 1308 μόνον
1132 1221 1225 1290 οόόὲν
1250 1228 1437 1293 τοιοότονιο

311 1323 471 1410 δεδρακώς
498 1318 520 1410 ή
545 1329 791 1408 βεβουλευμένος
819 1331 999 1413 φαίνομαι,
1029 1323 1109 1388 α’λλόι
1137 1324 1193 1389 καὶ
1211 1321 1393 1388 τοόναντιον

308 1427 381 1489 πᾶν.
421 1427 455 1489 ἐν
486 1426 642 1514 α’σφαλείςι
663 1424 723 1510 γὰρ
754 1418 841 1514 πόση
861 1426 916 1490 καί
933 1422 1007 1500 τοός
1025 1426 1181 1509 βασιλέως
1202 1427 1319 1498 παίόας
1338 1423 1395 1488 καί

207 1534 240 1588 V.
249 1533 301 1608 296
310 1531 346 1592 σὲ
366 1518 460 1611 ἄχρις
486 1525 596 1609 ἐνάτης
626 1526 746 1609 ἡμέρας
770 1527 807 1591 ἐκ
828 1526 884 1612 τής
903 1529 1059 1606 βασιλέως
1081 1526 1224 1607 τελευτῆς
1243 1517 1396 1608 όιατηρήέ

309 1649 390 1707 σας,
421 1627 491 1706 μετΙ
510 1627 630 1708 ἐκείνην
650 1625 707 1707 τήν
726 1647 759 1688 τε
778 1622 926 1710 φρουρὰν
945 1619 1105 1708 εἰσήγαγον
1125 1625 1186 1688 τεόν
1207 1622 1392 1704 βασιλείαν,

306 1722 348 1809 ἢν
362 1717 460 1801 αότός
475 1720 706 1808 ἐγκαθιόρόσας
721 1718 763 1806 ἦν
772 1773 783 1804 ,
803 1724 858 1786 καί
878 1716 974 1806 ἄλλην
988 1718 1195 1804 καταστήσας,
1217 1715 1293 1804 ὅσην
1312 1717 1436 1803 aprime

308 1821 344 1887 τό
367 1825 430 1886 τῶν
452 1820 741 1902 ἐπιβουλευσόντων
761 1819 838 1896 ἴσως
857 1822 982 1901 ἐπέχειν
1000 1817 1056 1897 τὰς
1077 1817 1181 1901 όρμοὶς
1202 1816 1309 1904 ἔκρινα
1331 1819 1392 1882 αό-

276 1918 362 1995 Ιλτός
390 1919 515 2006 οἰρκεῖν,
556 1915 663 1982 οἴκαδε
692 1916 894 2003 ἐνεχείρουν,
930 1921 994 1984 τιόν
1022 1914 1213 2005 πραγμάτων
1243 1917 1391 2000 ἐχόμενος

310 2013 416 2102 ιόσνιερ
438 2021 493 2082 καί
515 2020 629 2098 ζοῖντος
646 2019 823 2101 βασιλέως,
843 2022 925 2083 πόσι
944 2022 1125 2103 παραινῶν,
1146 2018 1391 2101 συμβουλεύων,

308 2115 521 2198 δεδιττόμενος
540 2125 609 2193 ταῖς
631 2117 794 2195 α’πειλαῖς,
816 2119 916 2201 μηδὲν
934 2105 1152 2202 νευτεριλζειν,
1189 2115 1268 2182 ἀλλὰ
1289 2121 1391 2180 καθα-

271 2264 273 2271 .
308 2213 370 2302 ρόν
390 2218 445 2280 καί
465 2209 579 2282 oidelae
596 2225 700 2302 τηρεῖν
728 2216 785 2282 καί
801 2215 859 2302 τήν
879 2209 1003 2282 εὔνοιαν
1019 2219 1076 2282 καί
1096 2213 1156 2301 τήν
1175 2217 1320 2280 δουλείαν
1340 2216 1435 2280 σοίαο

305 2339 343 2382 τε
364 2312 480 2398 ὁμοίως
500 2316 556 2380 καί
573 2317 666 2384 παισί
684 2323 750 2389 τοῖς
771 2323 856 2397 σοῖς,
892 2314 948 2380 καί
966 2317 1058 2402 όήλος
1078 2309 1124 2380 τόν
1141 2311 1187 2391 (ἐς
1209 2313 1299 2390 deirae
1320 2316 1392 2378 ἐπι-

305 2415 416 2501 θήσων
435 2422 500 2491 τοῖς
521 2417 720 2500 νεωτεριοόσι
738 2413 795 2480 καί
812 2413 867 2481 τόν
887 2414 1031 2498 πόλεμον
1051 2413 1147 2491 αότός
1166 2410 1391 2496 ἀναδεξόμενος

305 2514 386 2601 όπὲρ
412 2514 513 2597 sipario.
553 2494 717 2581 elesiario
738 2536 787 2591 τις
816 2510 923 2597 εἴποι,
945 2512 1013 2580 τότε
1039 2518 1100 2598 μὲν
1125 2514 1169 2601 μή
1192 2516 1390 2599 βουληθῆναι

274 2692 286 2728 ι
378 2692 418 2731 ro
434 2672 486 2743 τήν
502 2674 567 2731 add.
583 2672 621 2729 ld„
698 2674 738 2731 ι6.
756 2675 1019 2747 ἐπιβουλευσόντων
1034 2676 1105 2730 ασελ
1122 2672 1184 2733 Bo.
1202 2671 1232 2731 P·
1438 2698 1455 2755 η

304 2845 360 2895 iam
378 2858 485 2913 cupere.
506 2844 534 2897 si
553 2845 625 2897 enim
643 2844 801 2899 huiusmodi
820 2844 939 2898 nefanda
957 2844 1106 2915 cupiditate
1126 2846 1247 2898 irretitus
1265 2842 1388 2906 fuissem,

305 2912 373 2983 qaid
400 2916 509 2967 taudem
542 2922 600 2967 erat
626 2917 834 2987 impedimenti,
853 2916 966 2988 ‚quando
996 2924 1104 2968 mortuo
1131 2918 1294 2984 imperatore
1317 2916 1388 2984 ipse,

304 2986 423 3054 acceptis
440 2986 470 3038 in
487 2985 601 3038 tutelam
619 2988 677 3040 elus
696 2988 776 3051 siliis,
795 2989 927 3056 palatium
944 2985 1068 3039 custodia
1087 2987 1261 3050 muniebam,
1285 2993 1313 3036 et
1339 2984 1389 3067 qui

303 3062 382 3108 erant
399 3056 474 3108 intus
492 3064 553 3109 testo
572 3058 748 3122 tenebantur,
766 3060 816 3129 qui
836 3067 926 3110 autem
943 3058 1009 3109 soris
1019 3093 1028 3120 ,
1046 3072 1140 3109 eorum
1162 3058 1211 3109 alii
1230 3058 1300 3108 bene
1317 3054 1388 3107 milri

302 3123 451 3188 volebant,
482 3127 531 3179 alii
563 3130 714 3197 potentiam
745 3145 831 3180 meam
859 3127 1059 3190 formidabant,
1083 3143 1134 3179 neo
1159 3127 1267 3180 hiscere
1293 3133 1388 3178 contra

303 3194 460 3260 audebant,
478 3214 533 3266 quo
552 3199 640 3249 miuus
662 3200 792 3252 latentem
818 3201 893 3251 intus
921 3198 1100 3251 ambitionem
1134 3198 1204 3250 foras
1234 3210 1389 3258 exereres,

303 3266 347 3319 vel
373 3264 463 3333 potius
491 3268 520 3318 in
545 3275 620 3321 tanta
652 3268 882 3323 intercedentium
907 3268 1058 3321 solitudine
1093 3268 1272 3338 cupiditatem
1299 3280 1389 3317 meam

303 3335 449 3388 satiarem?
476 3334 558 3403 Quod
577 3346 683 3390 tantum
703 3339 799 3401 abest,
823 3346 856 3390 ut
882 3338 993 3390 fecerim
1011 3346 1061 3391 aut
1086 3338 1232 3390 meditatus
1258 3338 1329 3398 sins,
1355 3342 1388 3387 ut
1414 3371 1419 3378 ι

302 3406 385 3476 plane
403 3408 567 3457 contrarium
586 3408 703 3459 fecerim.
752 3410 821 3461 Noas
847 3416 876 3461 te
901 3417 930 3461 et
954 3410 1018 3463 liliis
1041 3408 1213 3477 imperatoris
1240 3422 1327 3479 usque
1350 3404 1388 3457 ad

303 3475 376 3527 diem
394 3474 428 3525 ab
448 3475 505 3527 eius
525 3477 639 3529 interitu
664 3496 765 3530 nonum
785 3480 920 3532 tutissime
945 3480 975 3531 iu
1001 3480 1106 3549 palatio
1131 3478 1261 3541 servatis,
1292 3483 1386 3545 postea

300 3545 468 3615 praesidium
486 3563 502 3595 a
519 3562 562 3596 me
582 3546 623 3597 ibi
642 3550 804 3601 collocatum
824 3549 940 3601 deduxi:
960 3551 1060 3602 etalio
1080 3549 1225 3619 imposito,
1252 3552 1387 3618 quantum

301 3615 336 3667 ad
354 3615 566 3679 insidiatorum,
595 3618 617 3667 si
636 3621 682 3687 qui
701 3622 866 3683 existerent,
884 3622 1002 3688 impetus
1021 3618 1189 3672 cohibendos
1209 3622 1386 3670 suffecturum

300 3684 412 3748 censui,
429 3684 539 3737 domum
559 3688 674 3753 τοκετοῖς
702 3690 876 3742 moderamen
895 3690 1018 3760 imperii,
1047 3690 1121 3758 qood
1140 3690 1201 3739 vivo
1222 3690 1386 3755 imperatore

300 3756 449 3807 habueram
477 3758 624 3825 resumpsi:
656 3773 748 3813 ornnes
777 3758 903 3823 hortans,
928 3760 1054 3812 omnibus
1078 3758 1214 3821 suadens,
1249 3758 1386 3809 minarum

241 3875 246 3884 ,
300 3826 384 3879 etiam
403 3835 507 3878 terrore
534 3826 711 3895 interposito,
742 3846 776 3882 ne
800 3830 869 3901 quid
891 3830 1053 3882 molirentur
1069 3831 1148 3881 novi:
1175 3828 1223 3882 sed
1243 3843 1338 3897 puram
1357 3833 1387 3877 et

299 3895 443 3948 candidam
475 3896 525 3946 tibi
553 3914 639 3969 aeque
663 3916 694 3949 ac
718 3899 783 3951 filiis
810 3900 865 3951 tuis
893 3897 1114 3951 benevolentiam
1143 3898 1385 3967 obedientiamque

297 3974 485 4035 praestarent:
505 3984 555 4017 nec
574 3966 765 4031 dissimulans,
790 3985 833 4020 me
851 3986 982 4022 novarum
996 3984 1087 4021 rerum
1107 3968 1264 4023 auctoribus
1278 3981 1385 4075 poenas

299 4036 480 4103 irrogaturum
505 4034 664 4108 bellumque
687 4056 736 4107 pro
763 4038 841 4091 vobis
868 4045 1065 4110 suscepturum.
1110 4038 1185 4109 Quid
1210 4056 1286 4107 ergo.
1318 4044 1386 4088 tune

298 4106 410 4179 quidem
427 4107 548 4163 noluisse
560 4113 605 4162 'mc
623 4111 696 4163 dicet
712 4110 864 4183 quispiam,
882 4126 944 4165 eum
961 4125 1087 4184 ρατιονε,
1105 4128 1179 4165 nune
1195 4117 1287 4166 ausen
1304 4106 1384 4169 vello,
