3125 4900
524 273 809 341 ιιιειοιιιιιιιυιι
839 277 894 339 ιιι.
913 277 965 353 ⁶9.
1201 252 1290 355 1123

205 446 300 508 μενον
327 426 406 502 νοός
432 422 578 510 ἐξήκοντα
605 427 757 511 ἐφορμεῖν
786 424 971 511 Περσικός,
1002 426 1150 495 ἐπέθεντό
1172 452 1208 497 τε
1235 431 1436 515 seiberti!

204 522 380 609 ἐκρότησαν
400 525 505 591 αότιὸν
532 526 641 591 κενεόν.
690 522 726 589 τό
757 523 820 609 γὰρ
840 526 1022 611 Περσικόν,
1050 528 1095 615 μὴ
1117 530 1387 613 δυνόμενονῌχο

206 616 494 691 intermisceatur
522 621 610 711 ,πρός
632 629 832 709 ναυμαχίαν,
867 624 926 703 τός
956 630 1035 703 ναός
1069 626 1291 706 καταλιπόντες

205 719 392 802 διεσώζοντο
413 728 458 799 εἰς
476 722 533 809 τήν
551 728 629 809 γῆν.
676 731 814 791 Λατῖνοι
834 728 870 791 δὲ
888 721 1114 802 ἀνελκύσαντες
1133 725 1192 803 τοὶς
1211 732 1290 805 ναός

182 826 264 897 5καί
290 826 371 909 πυρὶ
389 823 586 908 παραδόντες
605 824 797 909 ἀνεχώρουν.
839 825 868 889 oi
890 828 1021 911 Πέρσαι
1034 828 1071 891 tt
1083 824 1315 912 ἀπολειφθὲν-ις

202 945 255 996 τες
277 926 394 1013 α’πορέρ
420 926 518 1003 esuis,
540 920 680 1006 ἔγνωσαν
702 925 768 988 δεῖν
787 926 843 989 έπδ
861 918 1065 1011 Χερρόνησον
1082 926 1141 1009 τῆς
1163 923 1291 1014 Θρᾴκης

203 1116 333 1202 σόμενοι
354 1117 586 1206 εὐπορήσαντες
606 1126 692 1189 sevir.
1238 1182 1241 1186 .

286 1216 343 1298 ξδ’.
390 1218 518 1306 Κρόλης
539 1225 574 1289 δὲ
604 1225 638 1287 έν
669 1223 773 1311 Ζίχνρι
804 1224 1143 1309 ἐστρατοπεδευμένος,
1178 1217 1316 1311 όόοπερα

166 1314 339 1403 mierum,
357 1318 411 1385 ἐπὶ
428 1323 471 1409 τῷ
488 1324 738 1409 Καντακουζηνῷ
750 1324 794 1409 τῷ
815 1327 945 1403 βασιλεῖ
958 1328 1117 1407 πολεμεῖν,
1138 1321 1208 1387 ἐπεὶ
1226 1321 1289 1389 πό-

201 1421 291 1481 θοιτο
320 1417 355 1483 τό
389 1418 464 1503 περὶ
481 1417 557 1496 τεός
576 1422 710 1500 Πέρσας
729 1418 858 1503 συμβόν
885 1422 941 1486 κατ’
971 1417 1016 1497 σός
1037 1419 1092 1486 διδ
1112 1422 1167 1507 τῆς
1186 1421 1289 1505 αότῆς

164 1508 168 1517 ’
203 1514 282 1581 ttoni
304 1519 359 1583 έιιί
378 1518 581 1605 Χερρόνησον
597 1520 768 1601 μέλλουσιν
788 1521 893 1604 ἰέναι,
913 1518 947 1584 τὸ
969 1517 1132 1604 κρότιστον
1145 1523 1202 1605 τῆς
1213 1523 1289 1608 περὶ

202 1613 300 1681 αότόν
332 1618 560 1699 ἀπολεξάμενος
587 1622 738 1702 στρατιαῖς
757 1620 814 1685 καί
842 1617 1011 1705 στρατηγόν
1032 1622 1141 1698 αὐτοῖς
1159 1619 1289 1707 ἐπιστή-

202 1740 263 1791 σας
291 1713 347 1781 τόν
372 1716 515 1804 εόψυχίρ
544 1719 601 1781 καί
631 1713 730 1805 τόλμῃ
764 1718 821 1783 καὶ
852 1717 1000 1807 ε’μπειρόρ
1019 1720 1083 1785 τῶν
1104 1725 1179 1804 παρ’
1201 1722 1287 1810 ozimi

165 1814 344 1889 ,5δυνατο3ν
365 1816 518 1880 δοκοῦντα
547 1814 714 1901 ὑπερέχειν
734 1814 946 1901 Πρεόλιμπον
965 1812 1200 1901 ω’νομασμένον,
1220 1820 1289 1883 διιέ-

199 1918 292 1977 λευσε
323 1918 562 1996 συμπλέκεσθαι
589 1924 654 1991 τοῖς
684 1913 878 2001 βαρβάροις,
913 1909 1001 2002 οἷπερ
1030 1910 1069 1981 όν
1095 1914 1287 2001 συντόχωσι.

198 2014 255 2076 κατ’
274 2010 353 2097 πρός
373 2038 445 2079 τινα
466 2014 562 2079 τόπον
581 2013 781 2101 Στεφανιανοὶ
803 2015 970 2098 λεγόμενον
982 2014 1210 2099 περιτυχόντες,
1230 2040 1289 2080 κα-

196 2114 345 2177 θίσταντο
364 2110 444 2199 πρός
456 2113 575 2199 μα’χρν.
620 2098 655 2177 οἷ
664 2102 794 2199 Πέρσαι
815 2117 861 2195 δὲ,
882 2118 953 2180 ἐπεὶ
974 2113 1083 2179 πεδίον
1102 2107 1152 2197 ἦν,
1173 2111 1226 2199 ἐφ’
1248 2104 1288 2178 osi

202 2214 370 2295 Τριβαλοῖς
388 2210 518 2295 ἔμελλον
537 2215 621 2279 ἰέναι
640 2218 674 2289 ἐς
692 2213 749 2290 τιὶς
766 2222 894 2298 χεῖρας,
916 2216 1073 2289 δείσαντες
1090 2212 1148 2298 τὴν
1171 2210 1287 2300 ἔφοδον

155 2315 259 2376 noreio
289 2308 429 2390 ἱππέων,
466 2310 650 2397 ἀνεχώρουν
674 2310 753 2399 πρός
782 2312 818 2377 τό
839 2306 912 2398 ὅρος
932 2311 988 2377 κατ’
1005 2311 1064 2387 τοὶς
1083 2311 1283 2397 δυσχωρίας·

196 2401 237 2495 ἦν
255 2408 315 2496 γὰρ
337 2406 436 2495 ε’μχός.
483 2408 619 2496 δρῶντες
639 2413 674 2477 δὲ
695 2409 726 2478 οἱ
753 2414 907 2497 Τριβαλοί
926 2409 1142 2494 δυσπρόσοδον
1161 2408 1196 2475 τό
1218 2428 1316 2492 χοι-ιι

197 2513 267 2595 ριὀν
289 2509 343 2573 καὶ
362 2512 566 2590 νομίσαντες,
603 2513 633 2574 εἰ
652 2508 706 2574 διό
724 2511 787 2575 sois
809 2510 924 2574 στενόν
945 2512 1109 2572 εἶσωθοῑεν
1129 2505 1283 2584 ἑαυτοὺς,

196 2610 312 2684 ἵππους
325 2633 358 2674 τε
374 2608 502 2673 α’πολεῖν
516 2607 664 2687 πολλοός,
684 2609 979 2690 περιτοξευομὲνοος
997 2605 1060 2670 δπό
1080 2609 1142 2672 τεόν
1161 2604 1285 2692 βαρβά-

196 2732 271 2792 ρων,
293 2705 347 2770 καί
366 2707 482 2784 αότοδς
503 2703 865 2794 τραυματισθήσεσθαι,
887 2706 1061 2787 ἀποβάντες
1079 2708 1143 2770 τῶν
1161 2705 1283 2787 ἵππων,

154 2805 341 2889 σςδβόόιζον
370 2803 459 2886 πεζοδ
483 2805 538 2872 ε’πδ
556 2805 631 2883 τούς
651 2806 819 2888 πολεμίους
825 2856 835 2886 ,
857 2807 1017 2891 δυσέργως
1036 2806 1091 2871 καί
1109 2801 1188 2889 μετὰ
1208 2806 1282 2888 βίας

192 3011 305 3080 noginto
323 3011 428 3066 delatus
454 3015 612 3077 rescissent,
636 3015 665 3068 in
685 3032 730 3066 eos
756 3032 836 3069 cursu
856 3014 977 3077 directo,
995 3015 1090 3067 vacuis
1107 3013 1190 3082 potiti
1207 3019 1280 3067 sunt.

192 3081 289 3135 Persae
307 3085 330 3134 si
351 3083 443 3134 uidem
461 3085 550 3139 novali
568 3085 675 3153 proelio
693 3085 838 3147 imbelles,
856 3092 944 3136 terrae
962 3100 991 3138 se
1012 3086 1172 3145 credentes,
1196 3099 1280 3136 nares

193 3151 224 3205 in
249 3154 307 3204 solo
333 3100 529 3218 bostitucrrnt,
558 3155 659 3226 quibus
684 3155 776 3207 Latini
802 3153 943 3207 subductis
972 3161 1001 3204 et
1018 3152 1143 3204 crematis
1162 3169 1281 3206 recesse-

192 3229 267 3275 runt.
312 3224 410 3276 Persae
430 3225 544 3276 navibus
560 3234 699 3290 carentes,
733 3226 932 3278 Chersonesum
966 3222 1101 3274 'l'braciae
1119 3239 1168 3292 per
1188 3225 1279 3275 contl-

192 3300 304 3346 nentem
329 3294 448 3346 eundum
472 3301 501 3346 et
526 3294 606 3358 inde,
624 3298 733 3350 navium
751 3295 881 3349 facultate
902 3292 1114 3364 suppeditante,
1137 3295 1168 3344 in
1187 3294 1278 3348 tuan

192 3363 248 3416 sibi
267 3363 459 3415 traiicieudum
478 3365 679 3419 existimarunt.

262 3439 305 3502 69.
343 3433 402 3486 lem
430 3449 493 3486 vero
522 3434 632 3498 Crsles,
662 3435 723 3486 lixis
749 3433 823 3502 apud
846 3433 959 3486 Zicbnus
984 3431 1125 3496 tentoriis,
1138 3447 1198 3552 pao
1214 3448 1277 3484 cnm

192 3503 385 3556 Cantatuzcno
417 3505 582 3572 confligeret,
611 3513 643 3556 ut
670 3506 886 3557 demonstratum
921 3513 982 3566 est,
1016 3511 1048 3556 ut
1071 3501 1106 3576 (lp
1158 3519 1277 3555 omarum

192 3584 292 3628 eventu
311 3581 339 3626 et
354 3575 418 3626 illac
432 3577 461 3626 in
478 3575 678 3627 Chersonesum
696 3577 749 3626 iter
767 3573 887 3626 lecturos
905 3574 1030 3638 salivit,
1045 3571 1159 3626 delectis
1176 3572 1211 3624 de
1227 3589 1278 3627 ex-

191 3645 279 3696 ercltu
302 3661 351 3696 suo
377 3643 532 3696 fortissimis
559 3644 678 3714 (lutoque
697 3643 753 3696 illis
772 3643 861 3705 duce,
890 3646 939 3764 qpi
964 3645 1114 3714 praestanti
1138 3645 1278 3698 animost

887 3733 902 3767 e

189 3731 241 3766 usu
262 3718 336 3768 inter
352 3731 477 3784 proceres
495 3714 680 3768 Triballorum
698 3715 820 3767 eminere
839 3715 884 3766 sid
923 3722 1001 3778 stur,
1026 3714 1206 3783 Preelimpum
1225 3729 1277 3766 νο-

189 3782 309 3848 eubulo,
334 3803 393 3836 cum
421 3785 544 3838 barbaris
571 3785 658 3840 obviis
687 3801 777 3854 pugna
804 3784 944 3838 decertare
965 3787 1053 3838 iussit
1097 3786 1194 3856 tuque
1212 3785 1275 3837 looo

188 3853 308 3926 quodum
334 3856 520 3925 Stephanlnna
546 3855 619 3908 dicto
646 3857 676 3907 in
695 3871 741 3906 cos
761 3854 932 3917 incidentes,
956 3855 1127 3924 adpugnare
1148 3854 1275 3924 aggredi·

188 3933 281 3977 untur.
319 3927 431 3990 Persae,
459 3935 490 3978 ut
504 3927 533 3976 in
551 3926 678 3994 planitie,
688 3925 813 3994 equitum
833 3926 959 3977 timentes
976 3927 1132 3987 incursum,
1149 3927 1179 3977 in
1196 3941 1276 3977 mon·

191 4001 247 4045 tem
266 3995 387 4048 vicinum
412 4007 441 4050 et
465 3998 525 4048 locu
548 3995 679 4065 impedita
701 3995 840 4048 secedunt
890 3994 1007 4048 Triballi
1032 3995 1154 4048 difficiles
1181 3994 1273 4046 editos

186 4073 332 4117 cernentes
356 4068 477 4138 ratique,
507 4067 530 4117 si
561 4083 610 4136 per
632 4065 770 4136 angustius
789 4065 958 4134 penetrando
975 4083 1035 4118 sese
1054 4065 1229 4134 impellerent
1246 4071 1276 4117 et

187 4144 372 4197 coarctarent,
400 4152 485 4206 equos
509 4137 662 4206 complures
689 4134 836 4188 hincinde
855 4137 961 4206 sagittis
978 4137 1100 4188 confixos
1116 4151 1132 4185 α
1149 4132 1274 4187 barbaris

187 4206 338 4275 perituros,
368 4223 453 4276 seque
479 4205 552 4262 nihil
570 4209 624 4263 nisi
642 4205 756 4264 vulnera
773 4213 979 4277 reportetusos,
1000 4205 1036 4262 sle
1060 4207 1141 4277 cquis
1159 4201 1274 4260 omoeu-
