3125 4900
313 297 343 380 6
763 321 972 388 rutcocuh

317 475 464 542 Thessali,
484 476 662 540 Acarnanes,
688 473 801 544 relique
818 475 884 530 item
897 474 1045 529 continens
1064 475 1098 530 ln
1118 485 1281 544 puessuees
1300 471 1406 530 uniat

302 541 435 614 »Quidam
468 543 726 596 Thessalonicenses
749 541 893 616 deficiunt.
939 547 1093 615 Byeamini
1114 543 1221 598 notius
1240 543 1321 598 rehue
1346 543 1406 594 suit

315 626 482 675 metuentes,
513 615 569 666 iter
593 615 654 664 eius
682 629 821 665 conantur
845 612 986 684 impedire.
1031 617 1120 670 Astus
1133 613 1249 685 fluuius
1272 609 1407 668 swadet.

314 686 464 738 Exercitus
482 683 733 747 Gyssssccocastrum
757 682 833 736 redit
852 684 919 755 (39)
962 685 1145 756 Apocauchue
1160 680 1408 737 «descendendam

312 755 467 825 potentiam
490 754 597 806 insulas
617 752 839 816 circumvectus,
863 753 897 807 ob
915 751 948 808 id
960 756 1049 825 iprum
1069 754 1297 810 manentem
1314 750 1408 806 elna·

315 828 404 896 uiget.
440 820 682 876 Protostratorad
699 841 759 877 eum
773 822 911 884 desciscit.
945 827 1011 896 imp.
1032 829 1065 878 in
1084 823 1266 887 desertores,
1282 835 1408 892 νυμον

314 913 376 954 uos,
395 893 548 948 inuehitur.
583 893 743 960 Apelmenes
765 898 893 964 ingrauat
914 907 942 948 et
960 895 1094 961 superbus
1111 894 1181 962 (ho).
1215 897 1408 950 Protoemm

314 965 496 1032 obiurgator,
521 962 568 1014 cui
577 979 647 1031 puer
657 965 762 1016 Asnaus
778 963 992 1018 commendatur.
1028 963 1155 1020 Ostendit
1166 965 1244 1034 imp„
1269 966 1302 1016 in
1317 979 1408 1035 quen·

316 1035 354 1087 tie
366 1031 580 1104 difficultatibus
594 1047 738 1087 versetur:
755 1034 874 1086 militum
887 1036 995 1088 animos
1007 1035 1108 1098 ericii.-
1123 1032 1165 1086 od
1174 1035 1329 1106 principem
1341 1032 1408 1087 sti-

316 1105 455 1156 hallorum
475 1121 528 1174 pro
550 1103 659 1155 auxilio
684 1100 803 1155 curidum
821 1103 927 1159 suadet.
966 1103 1145 1160 Discedentet
1160 1103 1341 1174 Apocatechue
1360 1103 1409 1154 in-

316 1174 458 1246 sequitur,
472 1191 530 1226 non
545 1183 637 1225 tamen
648 1183 798 1240 pugnatur.
826 1173 1001 1246 Transfugae
1021 1177 1085 1246 leesp.
1108 1175 1212 1243 excipit
1245 1175 1354 1245 equites
1370 1171 1407 1222 at

316 1241 487 1314 Apocaucho
507 1242 574 1312 (hs).
612 1241 745 1295 Edessam
765 1243 910 1298 obsidione
943 1246 1131 1300 munitorum
1146 1246 1258 1300 liberat.
1293 1243 1408 1309 zoma-

317 1331 372 1367 nus
389 1311 502 1385 quidam
523 1313 672 1380 pecuarius
690 1313 753 1380 Imp.
773 1313 881 1382 legatos
900 1315 1011 1370 uinctos
1027 1315 1194 1386 spumeo
1207 1311 1294 1368 dedit·
1331 1306 1410 1376 Quid

313 1384 392 1454 passi
407 1383 472 1435 sint.
507 1381 643 1450 Munifice
665 1400 699 1434 ac
718 1381 928 1451 perhumaniter
943 1405 963 1439 a
989 1385 1097 1440 antus
1120 1384 1247 1453 dynastis
1267 1383 1410 1450 accipitur

316 1455 483 1523 Imperator.
518 1453 644 1521 Scopiam
663 1453 743 1504 venit
765 1451 833 1523 (42)
877 1453 1007 1509 Eundem
1030 1455 1145 1509 hiberus
1166 1454 1310 1508 sl'rihollue
1327 1451 1411 1504 crata·

317 1511 461 1576 conciliat.
497 1521 525 1574 le
550 1537 610 1572 cum
632 1538 718 1574 utare
743 1541 909 1588 occurrens,
933 1543 1034 1596 magno
1056 1526 1137 1580 illuns
1160 1524 1266 1578 itenere
1292 1521 1409 1589 suscipit

315 1603 343 1646 et
365 1593 500 1663 regaliter
524 1603 639 1642 tractat.
678 1592 718 1644 At
743 1609 776 1646 eo
801 1596 939 1647 auxilium
954 1596 1043 1665 petits
1073 1597 1123 1648 ille
1140 1593 1287 1649 societatis
1302 1605 1419 1644 userce-¹

316 1660 377 1716 dem
403 1663 484 1714 urhes
500 1659 652 1715 occidentis
668 1678 753 1728 usque
773 1680 792 1714 a
811 1663 982 1735 christopoli
998 1666 1131 1735 postulm.
1165 1665 1284 1718 hecusat
1302 1662 1411 1714 &nta-

314 1748 434 1784 cusenus
450 1743 479 1785 et
494 1731 577 1803 quasi
588 1749 688 1798 parum
706 1732 856 1796 ingenuum
873 1734 988 1788 honoris
1008 1751 1042 1788 ue
1058 1733 1211 1788 studiosum
1228 1733 1323 1802 tangit
1339 1730 1410 1800 (43).

315 1800 441 1855 Prudens
459 1805 554 1854 oratio
573 1803 695 1852 llelenne
723 1801 882 1856 Cralaenae
905 1801 940 1857 de
957 1822 974 1855 a
997 1801 1125 1856 iuvando
1142 1803 1248 1871 hospite
1269 1818 1329 1856 cum
1340 1817 1410 1854 ton-

314 1871 423 1924 ditione
441 1869 642 1926 soteratttton.
677 1871 744 1936 lmp.
763 1887 877 1922 suorum
894 1873 1042 1924 consilium
1060 1871 1095 1926 de
1115 1868 1319 1932 concedendis,
1335 1885 1410 1940 quae

318 1941 417 1994 Crales
432 1951 521 2008 petat,
539 1935 673 2007 repudiat
692 1935 757 2008 (ih).
801 1941 885 1992 Anto
926 1955 1053 1994 raesente
1071 1941 1411 2008 archiepiscopamus»

316 2023 361 2062 tas
378 2007 554 2063 conditiones
571 2010 679 2064 iurant.
713 2006 754 2057 De
774 2006 872 2063 Chrele
915 2010 1021 2063 rihallo
1041 2012 1116 2064 inter
1132 2023 1278 2082 utrumque
1296 2021 1412 2062 conten·

316 2081 368 2132 tio.
405 2081 502 2130 Curis
520 2075 560 2129 ad
577 2076 685 2127 Cralem
704 2079 813 2128 reuerti
828 2080 960 2132 noluerit.
1001 2081 1157 2134 Melenicus
1172 2079 1268 2132 Ghreli
1284 2076 1411 2136 deditur.

316 2149 483 2202 liheatinans
513 2147 656 2198 castellum
684 2147 784 2213 Syrtes
806 2161 932 2220 occupat.
987 2153 1023 2202 ln
1052 2149 1198 2204 dedititios
1220 2151 1315 2202 saeuit
1337 2147 1411 2217 (45).

203 2219 206 2226 ’
315 2217 497 2289 Apocauchus
522 2217 660 2282 Polystrli
683 2215 752 2284 nuid
773 2221 883 2299 egerit.-
906 2215 978 2292 quid
1000 2218 1224 2286 Didymotichuat
1247 2220 1411 2288 scripserit.-

316 2287 389 2362 quid
405 2289 431 2342 ei
449 2302 475 2342 tt
491 2305 574 2359 quam
596 2288 723 2340 aculeato
741 2303 777 2340 ae
791 2288 878 2342 lehere
887 2305 1046 2357 responsum
1054 2293 1098 2344 sit.
1121 2290 1277 2356 Byzantini
1288 2285 1412 2340 redeun-

317 2373 370 2412 tem
385 2376 445 2412 cum
457 2356 695 2430 gratulationibus
714 2369 742 2410 et
758 2357 904 2427 plausibus
922 2359 1074 2429 excipitutt.
1108 2361 1164 2412 Pro
1182 2357 1302 2412 libidine
1322 2358 1410 2426 impe-

317 2441 371 2485 rat.
397 2430 485 2493 lreue,
496 2425 780 2492 mercinensium,
798 2429 968 2501 cumfratre
984 2431 1118 2485 Manuale
1136 2429 1275 2483 in-timore
1292 2428 1411 2498 tullii).

316 2500 443 2555 Militum
460 2514 488 2552 et
505 2498 604 2552 ducum
615 2494 692 2569 sides
712 2500 885 2568 exploratur.
920 2500 1111 2572 Comitopulus
1127 2503 1313 2555 constantiam
1329 2516 1410 2551 euaee

313 2584 473 2639 prestetur.
508 2569 632 2622 iuratur.
669 2569 792 2623 Nuntius
809 2572 844 2623 ah
862 2571 1032 2640 imperatore
1052 2591 1113 2626 cum
1135 2573 1195 2627 eius
1214 2587 1294 2623 cereo
1311 2569 1409 2640 sigillo

315 2642 384 2709 (47.
421 2638 613 2704 Didymotichi
629 2638 785 2691 suhurhani
804 2642 837 2692 in
851 2641 975 2695 urbanos
985 2645 1145 2712 insurgunt.
1178 2642 1339 2711 fugantur.
1372 2639 1411 2691 Iu

317 2710 432 2775 exilium
457 2710 651 2763 voluntarium
671 2708 845 2777 concedunt,·
871 2728 966 2764 eorum
994 2710 1091 2764 domm
1113 2711 1301 2766 destruuntur.
1335 2709 1411 2778 Epi-

317 2783 395 2851 scopi
407 2780 575 2832 vaticinium
586 2791 702 2831 euentus
712 2779 823 2849 prohat.
861 2782 1002 2833 tritoitae
1008 2783 1105 2852 princi
1121 2800 1151 2834 ee
1159 2779 1289 2849 promissi
1302 2778 1412 2830 auxilii

315 2802 1410 2990 :snmeumenencosihenocaa

318 2989 403 3042 hallis
428 2986 500 3062 quid
520 2984 597 3057 apud
613 2938 837 3059 Pheraspegerit.
868 2939 969 3061 Syrges
986 2990 1027 3043 ad
1040 2978 1177 3061 sceptrum
1195 2989 1341 3041 Armeniae
1355 3006 1410 3041 vo-

317 3072 408 3112 entur.
443 3056 799 3113 Pheraeorumohstinatin.
828 3058 943 3113 hlorhus
955 3062 988 3113 in
998 3061 1126 3115 exercitu
1138 3061 1239 3112 multos
1247 3060 1410 3128 extinguit.

319 3128 510 3198 christopolim
532 3125 703 3197 praesidium
722 3128 758 3180 ah
775 3130 941 3197 Apocaucho
959 3130 1088 3183 mittitur.
1123 3128 1168 3183 Ad
1188 3131 1324 3183 Trihallos
1344 3127 1410 3180 ahi·

318 3198 612 3269 turientesprocclura
626 3198 805 3266 Imperatoris
823 3202 933 3255 concio.
968 3201 1087 3253 Romani
1103 3201 1305 3254 tumultuantes
1313 3200 1409 3251 incre·

315 3280 430 3338 pantur.
470 3268 589 3321 Plurimi
617 3267 805 3337 Christopolin
828 3286 858 3322 se
876 3268 1031 3342 conserunt.
1066 3271 1174 3324 Ducum
1191 3268 1292 3322 ibidem
1308 3269 1408 3339 periu-

318 3334 399 3390 rium.
436 3334 588 3390 lledeuntes
606 3338 761 3406 Imperator
777 3340 892 3408 suscipit
915 3340 981 3409 (49).
1022 3340 1183 3395 Eorundem
1202 3338 1301 3392 ducum
1320 3338 1409 3408 impu·

317 3403 387 3459 dens
410 3404 445 3459 de
477 3406 673 3459 Cantacuaeno
701 3406 894 3463 mendacium:
921 3406 987 3464 inde
1005 3411 1140 3475 ursanus·
1157 3407 1409 3482 puhlicaleetitia.

319 3477 397 3541 Quae
416 3489 443 3529 et
460 3488 568 3546 quanta
586 3480 665 3530 multi
682 3479 744 3531 illic
750 3491 866 3549 propter
875 3480 1099 3535 Camacueenum
1108 3481 1285 3550 pertulerint.
1319 3478 1409 3530 Pras-

314 3544 453 3615 sectorum
476 3548 605 3602 saeuitia.
640 3550 754 3600 Factum
777 3549 1002 3603 humanissimum
1019 3553 1120 3604 Persae
1141 3548 1284 3603 cuiusdam
1301 3548 1334 3597 in
1342 3548 1408 3618 sta·

316 3617 399 3685 gellis
425 3616 573 3667 laceratos.
614 3616 748 3687 impostor
770 3618 886 3690 quidam
908 3638 1006 3675 satroe
1030 3619 1201 3677 conessioni
1217 3617 1323 3671 illudit.
1363 3615 1408 3669 Ad

310 3684 529 3755 jitlsosnunsios
545 3684 636 3741 denuo
648 3690 788 3757 Deiparne
805 3703 930 3760 aguntur
945 3693 1057 3761 gratiae
1068 3622 1135 3759 go).
1172 3689 1268 3742 Cralee
1283 3689 1322 3739 lns
1358 3704 1406 3737 ra-

317 3759 377 3808 tori
401 3757 536 3824 repetenti
553 3755 686 3809 Edessam
709 3760 802 3811 statim
827 3762 957 3819 restituit.
992 3759 1170 3829 Apocauchue
1187 3759 1300 3829 frustra
1317 3702 1407 3824 ΒΞΔ]-

317 3826 467 3879 motichum
491 3840 591 3882 movet.
629 3828 804 3897 Empythium
825 3830 949 3886 obsidet.-
965 3828 1127 3897 Scytharum
1145 3830 1261 3881 incursu
1274 3828 1407 3889 territus,

318 3895 504 3948 obsessionem
515 3896 657 3965 relinquit.
693 3899 726 3949 In
740 3898 858 3960 Scythas
873 3900 1005 3953 abeuntes
1021 3899 1196 3967 Scopelenses
1210 3900 1294 3951 stulte
1312 3910 1339 3949 et
1360 3898 1407 3948 in·

308 3964 401 4035 felici
423 3967 501 4018 exitu
517 3983 545 4018 se
566 3966 699 4039 instrunt.
734 3969 915 4037 apocanetns
932 3970 1000 4024 helli
1015 3967 1287 4021 administrationem
1301 3983 1406 4037 genero

318 4035 411 4089 tradit
429 4038 471 4102 (51
477 4051 495 4100 1-
531 4041 613 4088 Anisa
637 4040 802 4107 imperatrix
820 4058 837 4091 a
860 4040 942 4091 Crale
968 4042 1193 4092 Cantacueenum
1214 4039 1300 4107 petit:
1324 4036 1407 4088 urbes

318 4106 350 4157 in
378 4108 532 4170 praemium
556 4108 679 4175 spondet.
723 4108 921 4161 Triballorum·
933 4125 1077 4176 procerum
1101 4106 1349 4162 commemorabilis
1372 4106 1407 4156 ise

316 4176 398 4237 illum
412 4174 487 4246 fides
507 4176 573 4245 (52).
618 4178 744 4231 Thessali
760 4197 789 4230 se
812 4178 1007 4234 Cantocuteno
1022 4180 1176 4233 subiiciunt
1194 4178 1280 4234 ultro.
1315 4178 1405 4229 loan-

284 4328 289 4353 ἢ
319 4262 381 4298 nem
402 4248 535 4317 Angelum
553 4250 593 4301 eis
608 4262 764 4321 praetorem
782 4248 930 4322 praeficit,
956 4266 1038 4323 quens
1062 4250 1095 4304 in
1120 4249 1199 4304 hulla
1215 4245 1404 4304 wmndott
