3125 4900
342 281 421 371 158
736 308 1015 377 mnttcumtt

188 473 396 551 Lcuiirpes
415 466 450 543 ἐξ
470 464 621 548 οόδεμιός
640 465 740 541 αἰτίας
762 467 818 531 καί
836 460 923 549 παρό
946 460 1066 543 πάνθ’,
1090 457 1134 536 σός
1154 453 1195 525 όν
1214 457 1276 543 δγιό
1298 463 1415 547 φαίην,

332 568 392 631 τοῦ
412 566 535 631 δικαίου
554 561 662 647 λόγον,
682 566 738 628 καί
753 562 791 631 τό
812 563 973 630 δεινότατα
987 559 1141 647 αἱροῦμαι
1154 556 1320 640 ὑπομένειν
1333 557 1415 646 dude

333 666 391 731 τοῦ
408 660 453 748 μὴ
474 662 612 745 πόλεμον
632 669 726 729 κινεῖν
748 660 830 749 πρός
857 662 1007 746 βασιλίδα
1029 659 1109 745 ὑπὲρ
1138 660 1191 743 τῆς
1214 659 1316 743 ἀρχῆς
1335 654 1416 723 όπό-

333 770 431 849 ληψιν
459 764 608 849 παρέχειν
626 771 691 838 τοῖς
710 769 848 839 πολλοῖς.
889 762 960 826 ἐπεί
986 761 1022 825 δὲ
1042 754 1147 841 ιόσπερ
1170 757 1268 833 αὐτός
1286 781 1320 823 τε
1339 755 1416 823 σόν-

308 864 409 927 corda
436 859 492 927 καί
519 861 596 945 όμῖν
614 863 852 945 βουλευομένοις
873 862 1041 925 uerteretur
1055 852 1206 943 προσήκει
1212 906 1222 937 ,
1242 857 1341 938 μείζω
1359 856 1437 923 mio

330 956 490 1047 δεινότερα
512 962 727 1048 προσδοκᾶται
748 957 790 1025 τό
811 958 897 1025 δεινό
919 959 954 1022 ἐκ
979 961 1037 1023 τοῦ
1055 959 1119 1021 τῶν
1138 953 1330 1041 πραγμάτων
1352 955 1414 1020 αδ-

327 1058 379 1127 τόν
398 1057 591 1147 όποχωρείν,
612 1052 696 1123 deon
713 1060 774 1142 μὲν
793 1056 849 1123 καί
866 1052 974 1142 ιόσπερ
992 1056 1038 1133 είς
1057 1054 1223 1131 κινδύνους
1243 1057 1414 1142 προφανῶς

327 1157 533 1241 αότομολῶν,
563 1151 636 1223 οὔτε
656 1155 717 1243 γόρ
740 1159 895 1244 ἐπιθυμίη
918 1156 1030 1239 δόξης,
1053 1157 1142 1243 (τῆς
1160 1152 1220 1239 γόρ
1242 1151 1414 1241 ἀκροτάτης

326 1257 385 1323 κόν
403 1260 447 1345 τῷ
467 1255 599 1342 παρόντι
619 1254 760 1342 σχήματι
782 1252 933 1324 α’πολαόω
952 1256 1047 1343 edm)
1066 1248 1139 1319 οότε
1151 1255 1326 1339 χρημάτων
1346 1254 1413 1320 trc-

227 1353 318 1427 vdie
326 1380 384 1434 κα,
414 1354 466 1442 (τό
487 1353 548 1439 γόιρ
569 1352 709 1442 παρόντα
731 1357 788 1419 καί
804 1354 946 1439 όριθμοό
965 1350 1081 1436 σχεδόν
1103 1344 1177 1417 όντα
1196 1355 1326 1438 κρείττω
1345 1361 1454 1431 τοῖςτα

324 1456 511 1542 διαρπάζειν
531 1466 681 1541 προεῖμαι
701 1454 939 1540 βουλομένοις)
962 1447 1048 1534 όμως
1066 1448 1158 1533 δμῶν
1178 1474 1212 1514 τε
1233 1450 1335 1516 εἵνεκα
1357 1450 1414 1517 καί

324 1558 381 1639 τῆς
400 1562 504 1639 κοινῆς
525 1558 586 1620 τόν
602 1551 768 1637 Ῥωμαίων
791 1550 951 1637 σωτηρίας
963 1547 1041 1625 τοός
1053 1552 1333 1635 προσδοκωμένους
1351 1573 1412 1632 με-

323 1654 438 1739 γάλους
460 1655 518 1719 καί
544 1650 680 1728 πολλοός
699 1648 864 1725 κινδύνους
882 1652 937 1733 τῆς
963 1652 998 1715 ἐν
1016 1651 1060 1737 τῷ
1079 1644 1210 1733 παρόντι
1233 1642 1411 1735 ἀσφαλείαις

325 1750 552 1837 όνδαιροῧμαι.
592 1751 650 1816 καί
676 1745 698 1815 ό
726 1752 801 1831 ε’μοί
820 1751 1055 1814 λυσιτελέστατα
1075 1744 1195 1827 ἐδόκει,
1228 1746 1284 1811 οόκ
1304 1748 1409 1831 α’πρα-

323 1851 465 1935 γμόνως,
496 1852 565 1916 οὔδ’
585 1847 743 1933 ἀνοήτως,
783 1846 863 1911 ἄλλό
884 1849 1043 1931 μηδεμίαν
1068 1842 1229 1931 πρόφασιν
1256 1846 1454 1930 παρέχειντὸ

325 1954 370 2039 τῷ
391 1952 516 2036 πολέμῳ
536 1950 730 2035 βουλομένῳ,
753 1948 865 2029 παρείς
884 1940 981 2026 διιόν,
1001 1945 1056 2009 ἐπί
1076 1942 1115 2009 τό
1137 1944 1214 2024 όμῖν
1236 1944 1409 2026 δεδογμένα

289 2052 378 2135 λλτῆς
397 2044 489 2128 όμιδν
509 2045 665 2133 ω’φελείας
686 2048 774 2111 ἕνεκα
785 2095 795 2125 ,
817 2038 921 2130 ιόσπερ
943 2040 1336 2140 ἔφην,1τρίψωίμαυτόν.
1370 2042 1409 2107 οό

322 2145 389 2231 μὴν
409 2146 477 2210 ἀλλ’
499 2142 664 2229 ἐπειδήπερ
683 2138 740 2207 οόκ
754 2146 837 2217 ἰδίας
857 2146 1048 2225 πλεονεξίας,
1069 2144 1135 2207 ἀλλ’
1156 2140 1245 2223 όμιόν
1262 2164 1298 2207 τε
1317 2144 1411 2207 ἕνεκα

325 2247 381 2310 καί
398 2246 455 2309 τοῦ
482 2246 571 2331 κοινῇ
597 2246 833 2317 λυσιτελοῦντος
851 2245 984 2308 τοιαῦτα
1012 2240 1223 2327 προειλόμην,
1244 2240 1282 2305 ed
1304 2244 1408 2325 δήπου

326 2344 446 2407 δίκαιον
453 2393 464 2423 ,
502 2342 577 2406 οὐδὲ
605 2334 707 2417 ἄλλως
733 2342 877 2425 εδσεβὲς,
909 2345 967 2407 νόν
992 2344 1052 2423 μὲν
1074 2338 1190 2421 ὁμοίως
1220 2340 1274 2404 ἐπὶ
1302 2343 1453 2405 ταδτακο

324 2439 445 2517 πιόντας
463 2436 547 2524 όμός
565 2446 759 2529 παρακαλεῖν
778 2444 834 2506 καί
851 2442 1010 2526 μηδεμίαν
1029 2432 1127 2524 όλλην
1146 2434 1168 2525 ἢ
1192 2435 1310 2523 ταότην
1329 2437 1406 2506 όδόν

323 2541 517 2629 δφηγεῖσόαι
536 2541 709 2626 σωτηρίας,
731 2541 823 2631 όλίγφ
844 2542 880 2606 δὲ
900 2539 1049 2627 ὕστερον,
1070 2542 1101 2606 εί
1115 2539 1160 2624 μη
1181 2538 1261 2604 κατὰ
1282 2535 1409 2625 γυιόμην

322 2642 400 2726 δμῖν
426 2641 464 2708 τό
492 2637 664 2728 πράγματα
694 2642 857 2724 ἐκβαίνοι,
892 2633 987 2706 ἄλλον
1007 2632 1116 2706 itte·
1134 2637 1408 2726 ,α’φωταμίνοσς,

402 2835 427 2886 6.
447 2830 594 2888 δεινότατα
611 2833 638 2886 Ρ.

322 2981 411 3060 dicere
430 2995 535 3058 susim,
560 2992 780 3064 promulgatum,
806 2990 941 3044 dirissime
960 2995 1094 3047 sustinere
1113 3002 1261 3063 precepto,
1284 3009 1320 3045 nc
1337 2996 1400 3046 τιιΙ-

320 3079 370 3133 gus
389 3079 438 3117 nos
457 3065 624 3134 imperatrici
642 3063 677 3114 ad
694 3062 839 3133 imperium
861 3063 1033 3133 eripiendum
1057 3081 1129 3116 arms
1153 3065 1255 3116 inferre
1278 3065 1404 3133 suspice-

320 3142 373 3186 tur.
409 3135 548 3204 Quoniam
566 3151 630 3188 vero
649 3137 722 3198 scio,
749 3134 771 3184 si
791 3151 835 3186 me
859 3151 873 3182 n
893 3135 1083 3204 gubernaculis
1100 3133 1274 3197 subduxero,
1298 3137 1405 3188 meiere

320 3213 348 3256 ct
378 3209 500 3258 uevtorr
530 3207 601 3258 mula
628 3203 804 3274 impendere,
835 3219 886 3254 nec
908 3207 1097 3258 auctoritatem
1119 3215 1234 3258 vestram
1261 3207 1403 3274 aspernari

318 3291 410 3393 ρυιο,
430 3275 530 3328 invitus
550 3285 578 3329 et
595 3277 713 3329 velutin
730 3274 904 3325 manifestum
920 3275 1066 3327 discrimen
1085 3292 1129 3326 me
1146 3275 1304 3345 proiiciens,
1323 3277 1403 3328 nulio

338 3345 454 3397 esiderio
473 3349 593 3414 gloriae,
624 3361 677 3417 qua
697 3361 800 3397 summe
826 3347 908 3396 ettam
937 3346 967 3396 in
989 3345 1042 3398 hoc
1065 3345 1161 3398 habitu
1186 3346 1280 3408 fruor,
1310 3361 1405 3416 neque

316 3415 494 3484 pecuniarum
509 3419 596 3486 gratie
613 3419 692 3488 (ques
714 3415 787 3466 eninr
814 3413 900 3466 hebui
918 3431 1006 3484 poene
1024 3415 1255 3478 innumerabiles,
1280 3415 1403 3484 diripere

316 3484 473 3538 volentibus
502 3486 603 3558 reliqui
614 3485 633 3555 ,)
659 3485 708 3538 sed
734 3487 817 3538 vestri
847 3493 875 3538 et
906 3487 1055 3538 communis
1090 3487 1269 3537 Romanorum
1303 3487 1404 3540 saturi·

315 3554 416 3624 gretia,
445 3572 515 3625 quae
532 3573 575 3608 me
600 3561 712 3609 manent
728 3555 815 3606 mults
840 3563 869 3608 et
886 3557 998 3623 grandia
1022 3557 1142 3626 pericula
1167 3557 1308 3626 praesenti
1324 3574 1407 3610 secu·

316 3625 393 3677 rituti
410 3627 550 3678 antefero:
577 3643 701 3698 quaeque
725 3624 852 3677 mihimet
868 3625 1031 3680 videbantur
1053 3624 1215 3690 utilissima,
1240 3641 1297 3676 non
1321 3629 1404 3698 quusi

316 3711 333 3746 ι
350 3697 467 3763 negotiis
485 3695 645 3750 abhorrenti
663 3703 712 3747 nut
728 3695 914 3764 imprudenti,
932 3697 981 3750 sed
1000 3699 1105 3749 nullum
1126 3697 1203 3748 helio
1222 3711 1315 3748 ensem
1337 3698 1403 3751 dere

316 3765 455 3834 cupienti,
477 3780 507 3817 eu
527 3766 624 3818 iubens
643 3767 795 3822 dimittam:
816 3773 845 3818 et
861 3769 928 3837 quie
946 3769 985 3820 sic
997 3767 1081 3821 vultis
1099 3775 1264 3829 ecrescere,
1283 3773 1315 3816 ut
1332 3766 1403 3832 dixi,

316 3835 445 3888 utilitatis
463 3837 569 3905 gretie,
597 3837 666 3889 elius
684 3837 755 3889 tium.
791 3837 893 3889 Verum
911 3839 1049 3892 enimvero
1066 3834 1132 3910 quir
1151 3855 1217 3899 non,
1243 3845 1276 3889 ut
1300 3837 1402 3906 opibus

314 3904 467 3969 abundem,
502 3907 550 3958 scd
571 3906 649 3958 vobis
674 3918 703 3960 et
729 3907 866 3960 communi
890 3909 1019 3971 studens,
1044 3908 1120 3962 hunc
1147 3915 1247 3960 statum
1273 3921 1401 3974 assumo,

313 3991 372 4028 non
389 3977 486 4046 utiquc
504 3977 606 4028 iustum
631 3993 721 4048 neque
745 3981 821 4046 pium
846 3987 933 4042 esset,
958 3995 1032 4030 nunc
1054 3995 1102 4031 vos
1127 3993 1220 4030 omnen
1245 3982 1402 4046 aequaliter

313 4045 348 4098 ad
364 4045 416 4098 hec
434 4063 477 4098 me
498 4045 635 4099 cohortari
654 4057 682 4100 et
704 4047 816 4112 docere,
835 4048 938 4101 nullam
960 4050 1043 4101 elium
1068 4058 1178 4118 praeter
1203 4047 1275 4099 hunc
1300 4051 1399 4104 salutis

312 4117 383 4167 vium
404 4133 478 4171 esses
504 4119 586 4185 penio
609 4131 700 4170 autem
719 4125 799 4186 post,
822 4135 852 4170 re
875 4136 952 4172 secus
978 4137 1060 4189 quam
1084 4119 1193 4171 relictis
1217 4118 1400 4186 procedente,

313 4187 471 4240 etiamalio
490 4186 619 4258 defugere
637 4205 668 4239 uc
686 4187 739 4239 sibi
758 4188 871 4259 quidem
882 4205 933 4257 pro
952 4191 1094 4242 occasione
1107 4197 1136 4242 et
1154 4187 1257 4242 iudicio
1278 4192 1399 4245 saturem

313 4273 459 4331 quaerere,
481 4275 525 4313 me
544 4266 636 4312 autem
654 4259 741 4312 solum
759 4262 791 4314 iu
809 4261 844 4313 iis
861 4260 991 4330 periculis
1009 4260 1153 4324 deserere,
1180 4275 1251 4331 quae
1267 4245 1336 4328 ego,
1367 4267 1399 4314 ut
