3125 4900
441 264 724 333 ιιιοιοιιιιιιιιιιι
754 268 809 329 ιιι.
832 264 886 341 uo.
1115 230 1203 323 ³63

122 414 306 503 κοιμοόμενσ,
326 419 448 483 nutem
467 418 540 503 scopi
557 412 739 501 πράγματος
760 412 902 495 ότουούν,
923 413 963 477 σύ
982 416 1041 480 τού
1057 411 1358 499 reprimemus&

122 522 247 603 καιρού.
292 510 332 603 ἦν
356 516 419 603 γύρ
450 538 526 583 ποτε
548 517 678 603 χρόνος,
710 511 756 579 δι’
782 511 843 599 έγοό
862 512 979 600 πολλὴν
998 511 1074 599 περὶ
1090 515 1129 579 σὲ
1151 510 1210 597 τὴν

121 619 290 699 εύμένειαν
310 616 582 698 ἐπιδεικνύμενος,
603 617 658 679 καί
676 611 720 698 μη
741 610 839 695 μόνον
857 622 928 687 τοῖς
945 615 989 677 δι’
1006 607 1107 699 ὅρκων
1119 636 1210 696 γινο·

121 721 229 797 μένοις
256 716 378 801 λόγοις,
410 711 491 780 σἰλλό
511 714 566 779 καὶ
592 723 659 791 τοῖς
676 713 777 799 χορός
797 714 919 778 τούτων
937 710 1087 798 θαρρῶν,
1117 706 1208 775 diciv-

102 814 225 880 δδανον
259 812 379 879 όκονοῑν
405 818 471 879 κατ’
500 814 640 895 ἐμαυτοῦ
667 814 722 877 κατ’
750 808 848 897 ῥοπὴν
866 808 1005 904 μεγόλην
1025 814 1241 894 προπιδεῖςῦ

123 918 168 1001 τῷ
197 916 341 995 μέλλοντι
368 918 408 1003 τῇ
426 908 559 995 δυνύμει
579 908 824 999 χρῆσθαικατό
845 912 903 976 τοῦ
925 907 1026 982 πολλοὶ
1047 909 1212 995 σύηργετη-
1275 964 1279 971 .

125 1011 232 1087 κότος·
273 1016 431 1095 καίτοιγε
458 1014 515 1079 καί
533 1015 599 1077 κατ’
625 1010 762 1085 ἐκείνους
787 1008 862 1084 τούς
882 1006 1015 1092 καιρούς
1033 1005 1094 1092 σύγ
1115 1006 1212 1092 ἅπαξ,

131 1107 212 1179 ἀλλὰ
236 1110 292 1176 κατ’
311 1110 359 1187 δός
379 1116 435 1177 καί
452 1114 520 1197 τρῖς
541 1112 695 1196 ἐπιορκῶν
714 1106 816 1188 ἑάλως
834 1113 890 1174 καί
908 1105 997 1172 δεινοὶ
1019 1105 1214 1185 συσκευαζό-

127 1234 221 1293 μενος
251 1208 330 1275 κατό
359 1216 417 1277 τού
437 1213 498 1299 κατ’
522 1214 680 1293 βλέμματι
700 1208 787 1297 μόνην
806 1210 984 1288 δυναμένου
1006 1210 1067 1289 τῆς
1085 1210 1212 1290 μοχθη-

85 1316 202 1395 ιοριάς
220 1307 412 1389 κολάζεσθαι
432 1312 537 1388 α’ξέως.
558 1312 591 1389 ἐξ
613 1304 686 1375 ὅτου
707 1310 744 1373 δὲ
768 1309 884 1392 καιροῦ
893 1302 1001 1389 ταχύν
1015 1307 1212 1391 έπιτηδειου,

125 1412 183 1473 καί
199 1408 304 1475 πάντα
323 1413 380 1474 καί
398 1412 477 1473 &coc
498 1404 598 1495 φόβον
618 1408 674 1472 καὶ
693 1406 896 1493 α’νδρωπίνην
916 1400 1104 1491 όπέῤῥιιμας
1131 1406 1214 1469 αι’δοό

124 1508 184 1571 καὶ
201 1507 320 1584 πολλός
340 1506 543 1591 πλασάμενος
562 1501 731 1589 διαβολὰς,
752 1503 810 1570 τόν
829 1502 966 1585 πόλεμον
985 1505 1114 1569 τουτονὶ
1130 1506 1214 1567 κικί-

127 1630 224 1691 νηκας
245 1604 301 1670 τόν
319 1610 444 1673 πολλσόν
465 1602 565 1672 αἴτιον
583 1610 687 1688 κακῶν
706 1608 766 1671 νύν
783 1627 819 1668 ss
838 1594 917 1688 ἄχρι
935 1605 1138 1690 γεγενημένον
1159 1603 1217 1669 κού

124 1703 175 1771 ἔτι
205 1704 358 1771 πλειόνων
390 1702 540 1787 ἐσόμενον
569 1703 625 1772 καί
643 1704 841 1788 δεινοτέρων,
873 1702 918 1777 σός
937 1702 1022 1787 cipri,
1041 1701 1101 1766 ούκ
1123 1698 1210 1767 ἔστιν

84 1797 193 1892 ιᾶότρι
212 1805 364 1887 κέχρησαι
381 1808 516 1889 μᾶλλον,
539 1796 561 1891 ἢ
580 1802 697 1887 ψεύδει
715 1804 772 1868 καὶ
791 1804 983 1886 ἓπιορκέαις,
1004 1793 1055 1877 οἷς
1074 1803 1130 1865 κατ’
1147 1802 1212 1865 τῶν

124 1904 346 1989 συνετωτέρων
370 1900 569 1988 ἐξηπάτησας
589 1898 724 1978 πολλούς
743 1902 801 1966 καὶ
826 1903 881 1965 cos*
899 1902 1094 1984 παρέπεισσς
1112 1921 1214 1984 προσ-

123 2005 209 2084 έχειν
237 2004 293 2085 τῆς
320 2002 473 2087 όληθειάς
498 1998 711 2083 ἀποστάντας,
747 1996 805 2075 ούς
834 2001 937 2075 καλοῖς
964 2000 1065 2063 ποιόν
1092 2000 1149 2083 τῆς
1175 2004 1243 2062 ssi)

122 2101 177 2165 σοέ
194 2099 376 2185 προσούσης
397 2106 548 2186 πονηρίας
569 2104 624 2166 κατ’
642 2101 698 2185 τῆς
713 2101 843 2175 ἐκείνοις
857 2098 1046 2185 όβελτηρόας
1058 2091 1217 2177 όξισότατα

119 2199 261 2283 ἤμεύιμω.
311 2194 359 2263 ότι
387 2202 422 2263 δέ
449 2191 523 2265 οὔτε
549 2198 631 2285 πρός
652 2200 828 2283 ἀπέχθειαν
856 2196 947 2281 ἐμοὶ,
976 2190 1052 2263 σύτο
1078 2194 1158 2281 πρὸς
1176 2194 1213 2260 τό

76 2302 225 2374 νοκακσός
247 2302 364 2363 παθεῖν
384 2295 406 2383 ἢ
426 2301 481 2365 καὶ
500 2296 694 2381 ἀποθανεῖν,
723 2301 754 2363 εἰ
779 2290 895 2380 οἷόντε,
930 2299 1033 2363 πόντα
1061 2299 1118 2360 κατ’
1144 2297 1216 2359 διο-

120 2401 178 2486 νοῇ
199 2396 256 2462 καὶ
274 2396 436 2482 πράττεις,
458 2399 515 2464 osis
535 2392 607 2464 olda
628 2395 684 2462 εἴτ’
704 2394 804 2473 αότός
827 2399 873 2472 οἷς
892 2398 1040 2462 τοσούτου
1058 2396 1215 2480 όναισδη·

120 2497 193 2570 σιἀς
213 2491 311 2581 ἥκεις,
335 2497 379 2572 σός
397 2495 479 2579 μετό
500 2496 656 2572 τοσαύτας
674 2498 818 2581 ἐναργεῖς
838 2497 901 2561 τῶν
920 2491 1113 2580 πραγμάτων
1133 2495 1212 2556 oino-

122 2597 254 2674 δείξεις,
291 2598 333 2662 δι’
352 2587 398 2660 ὧν
419 2598 494 2684 Ιἐμοὶ
509 2593 743 2680 πολεμιώτατος
763 2594 903 2680 ἐφάνης,
935 2591 1061 2660 οἴεσθαι
1082 2589 1138 2656 nui
1156 2593 1214 2674 μέ·

120 2801 164 2846 est
194 2793 276 2847 buius
293 2797 434 2865 temporIs.
470 2796 556 2860 Fuit,
581 2793 693 2866 quundo
712 2809 761 2864 ego
783 2795 826 2849 tul
846 2793 1059 2866 cupidissimus,
1077 2798 1214 2852 sermoni-

120 2865 173 2914 bus
199 2867 254 2918 tuis
278 2873 335 2918 tam
360 2865 494 2930 iniurati,
519 2883 600 2937 quum
619 2869 703 2918 iurati
720 2865 826 2929 fidens,
855 2864 1026 2937 gladiumin
1044 2876 1145 2921 memet
1161 2870 1215 2920 im·

118 2935 242 3006 prudeus
270 2937 384 3000 exacui,
416 2953 569 3008 magnoque
595 2937 638 2988 iili
665 2937 826 2989 adiumento
859 2953 892 2989 uc
916 2937 1054 3008 praesidio
1079 2939 1137 3002 sui,
1161 2938 1213 3007 qui

117 3005 269 3074 aliquando
289 3007 413 3075 potentin
431 3023 479 3060 sua
500 3015 594 3059 contra
620 3009 725 3080 optimc
745 3007 780 3059 de
798 3021 828 3057 se
845 3009 974 3058 meritum
992 3007 1126 3060 ubusurus
1145 3015 1212 3060 erut.

116 3077 208 3158 Quum
233 3093 294 3128 uum
313 3085 342 3129 et
359 3079 414 3128 ism
436 3085 495 3130 tum
513 3093 570 3130 non
590 3077 744 3140 semel,sed
764 3077 867 3128 hister
888 3079 1025 3146 peierasse
1045 3084 1073 3129 et
1089 3077 1213 3146 pericula

117 3161 143 3195 es
171 3093 344 3198 arciriseemri
374 3146 560 3216 deprehensus
589 3164 634 3212 cs,
657 3148 707 3220 qui
735 3148 796 3199 solo
814 3148 946 3214 adspectu
963 3147 1117 3218 nequitiam
1137 3155 1213 3198 tuum

117 3215 201 3284 digne
219 3217 314 3266 ulcisci
334 3219 478 3285 potuisset,
528 3219 568 3269 Eu
585 3235 641 3281 uuo
663 3227 755 3270 nutem
774 3224 882 3284 tenpus
900 3222 995 3268 noctus
1016 3225 1214 3285 opportunum,

116 3285 230 3336 ornnino
258 3293 286 3337 et
309 3287 360 3339 Dei
380 3289 505 3340 timorem
531 3295 559 3337 ct
576 3285 718 3339 hominum
738 3287 918 3340 reverentiam
940 3285 1085 3349 abiecisti,
1103 3286 1213 3338 multis·

116 3372 172 3426 que
197 3357 334 3408 ementitis
354 3357 382 3407 in
405 3373 449 3408 me
471 3355 629 3409 criminibus
652 3355 826 3410 hucboldum
844 3357 1027 3417 commovisti,
1054 3355 1130 3409 unde
1147 3355 1214 3413 hne-

115 3433 196 3478 teuus
248 3435 291 3480 tot
319 3427 487 3480 calamitates
511 3429 676 3479 exstiterunt
692 3436 722 3480 et
744 3427 835 3496 plures
852 3429 1054 3497 gravioresque,
1071 3435 1103 3478 ut
1120 3427 1213 3492 video,

117 3497 267 3558 exsistent,
290 3513 347 3548 non
375 3507 416 3548 est
439 3496 515 3568 quod
539 3505 595 3548 tum
623 3498 801 3566 frequenter,
832 3513 913 3569 quam
938 3495 1110 3548 mendacium
1130 3505 1215 3568 utque

115 3564 270 3635 periurium
307 3567 496 3636 usurpaveris:
521 3566 622 3636 quibus
649 3567 843 3636 prudentiores
867 3569 950 3620 etium
970 3568 1001 3619 in
1027 3581 1146 3622 errorem
1170 3569 1216 3620 in-

117 3635 224 3688 duxisti
249 3636 351 3688 multos
373 3643 402 3688 ct
429 3637 607 3707 persuasione
633 3637 702 3689 falsu
725 3635 871 3699 delusisti,
905 3644 938 3689 ut
965 3636 1073 3690 deserta
1097 3638 1215 3689 veritate

115 3705 170 3756 tibi
189 3701 390 3760 nuscultureuts
410 3706 521 3780 quibus,
542 3716 575 3760 ut
594 3713 623 3760 et
638 3715 686 3759 tua
703 3709 884 3776 perversitate
903 3713 932 3758 et
949 3707 1059 3761 iliorum
1085 3706 1216 3760 vecordis

115 3775 305 3842 dignissimum
330 3777 403 3840 init,
432 3778 533 3830 bonaur
558 3778 683 3848 profecto
711 3775 867 3829 mercedem
894 3775 1025 3831 tribuisti
1062 3779 1118 3829 lum
1138 3777 1216 3850 quud

113 3843 198 3907 dieis,
225 3859 280 3897 nou
299 3846 363 3899 odio
382 3848 412 3900 in
431 3865 475 3900 mc
492 3848 606 3918 aliquo,
626 3865 678 3900 nec
697 3855 728 3900 ut
744 3848 818 3899 male
837 3849 874 3900 sis
891 3847 981 3910 nihi,
1006 3856 1055 3900 aut
1072 3855 1105 3900 ut
1118 3849 1215 3913 vitum,

112 3916 136 3966 si
155 3915 258 3982 possit,
282 3921 420 3981 amittam,
454 3927 483 3970 te
513 3919 605 3969 omnis
628 3919 747 3989 cogitare
767 3925 797 3970 et
814 3917 922 3981 facere,
940 3919 1034 3972 nescio
1050 3935 1117 3970 num
1133 3926 1212 3971 tanto

111 3991 225 4052 stupore
250 3999 394 4054 oppressus
427 3989 486 4050 sis,
519 3997 550 4040 ut
577 3997 641 4058 pust
668 3997 709 4040 tot
732 3997 842 4059 tumque
875 3987 1015 4042 evidentia
1044 3995 1212 4059 arguments,

110 4053 213 4122 quibus
240 4055 308 4108 mihi
333 4055 420 4111 hostis
449 4059 616 4113 deterrimus
636 4059 812 4129 apparuisti,
831 4066 859 4112 te
877 4057 1047 4112 moderatum
1066 4059 1214 4130 quemdum

108 4121 249 4180 bominem
276 4143 308 4177 nc
332 4129 427 4179 mitem
454 4130 654 4193 existimes,un
679 4131 718 4182 itu
743 4131 908 4182 veteratorie
926 4129 1013 4214 egisse
1029 4137 1058 4182 ct
1076 4127 1213 4182 sichemi-

107 4211 176 4255 νοω
204 4195 299 4256 sosio·
326 4197 489 4266 somnne,
508 4209 542 4258 ns
571 4205 628 4260 οισι
655 4201 743 4260 mults
770 4207 799 4256 ct
818 4207 876 4258 ssu
900 4201 1020 4270 insumis
1045 4201 1147 4256 κοιαι
1162 4205 1212 4255 tm
