3125 4900
431 307 718 376 fflswitttttutt
749 313 793 378 iii
821 323 854 384 λ.
1139 318 1190 372 21

101 457 155 524 rei
176 463 342 526 ἀναίδειαν
368 465 427 528 τοῦ
455 463 570 550 ἀνδρὸς
591 465 786 546 ἀγανακτῶν.
834 461 974 549 οἰόμενος
993 468 1030 534 δέ
1050 467 1108 551 τάν
1126 471 1186 551 βο·
1198 478 1335 553 taath

101 559 208 625 σελίδα
229 553 251 644 ἢ
272 557 328 626 τόν
349 558 551 646 ποιτριάρχην
576 553 681 649 (οὗτος
699 563 760 648 γάρ
773 556 836 648 ἤδη
858 553 1028 649 προΐστατο
1046 570 1100 650 τῆς
1118 571 1196 650 βου»

101 660 190 744 λῆς,)
214 656 296 742 πρός
328 655 425 742 ὀργῆν
450 655 505 724 τόν
527 663 675 743 Χοῦμνον
703 655 872 726 ἀπελάσαν
891 665 950 726 rori
969 666 1195 749 βουλευτηρίου

99 749 120 838 ἢ
148 755 250 838 λόγοις
277 757 457 839 ἐπιπλήξειν
476 759 531 842 τῆς
551 754 685 844 ἀκαίρου
708 763 949 842 γλωσσαλγίας,
980 753 1090 845 ἤνεγκε
1110 766 1195 848 σιγῇ.

86 855 148 930 ieie
168 857 204 920 δὲ
225 852 307 939 μήτε
326 860 402 940 παρ’
423 858 548 922 ἐκείνων
568 859 690 942 έλέγετο
709 861 772 924 τοῖν
793 855 925 923 δεόντων
940 883 987 939 τι,
1007 855 1057 924 ἔτι
1072 862 1195 940 μᾶλλον

103 952 307 1039 ἐταράττετο,
328 952 496 1040 τεκμήριον
518 959 647 1041 ἐναργὲς
667 957 798 1035 ἀταξίας
818 961 874 1022 καί
893 959 1051 1043 ἀναρχίας
1066 961 1196 1039 τιδέμε·

102 1077 155 1127 νος
167 1051 222 1118 τόν
234 1050 343 1136 λόγον,
365 1057 397 1120 εἰ
414 1057 511 1120 πάοιν
531 1057 655 1134 ἐξέσται
674 1065 740 1133 τοῖς
756 1055 881 1138 μείζοσι
902 1052 1194 1142 προσκροάεινάδε-

103 1155 157 1226 οἷς.
207 1156 361 1235 Τορνίκης
382 1154 419 1218 δὲ
439 1155 618 1238 Δημήτριος
640 1155 697 1219 mix
718 1154 851 1237 ε’νεγοτάν
877 1151 935 1240 την
956 1155 1110 1239 ἀτοπίαν,
1140 1157 1199 1235 ,,τί

104 1244 199 1330 mir?
218 1245 285 1315 εἶπε
306 1255 542 1336 ,δημοκρατίαν
552 1251 615 1338 χρὴ
637 1263 737 1318 ποιεῖν
756 1252 813 1336 τὴν
829 1253 997 1334 Ῥωμαιίον
1015 1257 1193 1337 βασιλείαν,

66 1349 143 1420 soir'
152 1351 207 1436 ἐξῇ
221 1351 321 1414 παντί
329 1375 371 1440 τρι
381 1352 656 1432 presterneretur·
668 1355 779 1436 λέγειν,
792 1347 873 1417 ἀττα
886 1347 928 1417 ἀν
944 1356 1032 1441 δοκῇ,
1046 1349 1103 1416 καί
1120 1354 1196 1437 περί

102 1443 255 1529 μειζόνων
280 1447 336 1512 καί
358 1445 532 1515 ἐλαττόνων
551 1447 763 1537 πραγμάτων,
793 1451 850 1516 καί
868 1448 1003 1535 ἀνάγκην
1024 1455 1192 1534 προστιθέ-

102 1569 154 1610 ναι
173 1553 240 1621 τοῖς
258 1550 396 1628 βελτίων
416 1551 558 1633 στέργειν
576 1546 615 1614 τά
638 1549 852 1634 ἐψηφισμένα.
881 1553 936 1613 καί
947 1548 1042 1614 ποίαν
1059 1548 1224 1625 ἀτοπίαςο

102 1639 144 1710 ἀν
163 1643 345 1729 ὑπερβολὴν
369 1647 486 1711 έλλίποι
513 1644 548 1713 τό
570 1649 712 1712 τοιοῦτον
720 1647 750 1728 ,·”
768 1644 965 1731 ὡρμημένων
985 1670 1020 1710 τε
1039 1639 1102 1731 ἤδη
1122 1649 1195 1731 περί

101 1747 167 1807 ταῖν
194 1740 343 1808 τοιούτων
369 1741 514 1829 ἀλλήλοις
534 1745 726 1827 ἀντιλέγειν,
758 1747 893 1828 ἀπέσχεν
916 1742 938 1828 ἤ
958 1744 1103 1825 βασιλές,
1132 1746 1196 1808 τάν

67 1837 248 1926 ιὸάκαίρων
270 1842 471 1925 ἀποσχέσθαι
490 1843 662 1909 κελεύουσα
681 1841 783 1927 λόγων
801 1846 937 1908 τουτωνί
948 1845 1005 1909 καί
1017 1843 1195 1926 ἀναγκαίων

102 1941 177 2021 πέρι
197 1940 414 2021 διαλέγεσθαι.
456 1939 473 2004 δ
493 1945 593 2025 μέγας
615 1946 651 2008 δὲ
673 1944 854 2024 δομέστικος
876 1937 1122 2024 ἀποκρινάμενος
1143 1935 1195 2006 τόν

101 2034 264 2121 στόμαχον
294 2038 414 2122 ἀλγεῖν,
449 2037 615 2106 έπλάττετδ
646 2064 680 2105 τε
711 2043 907 2124 στρέφεσθαι
936 2038 978 2105 τά
1010 2039 1099 2104 ἔνδον
1141 2038 1197 2104 καί

101 2135 234 2219 tardae
256 2135 301 2212 ἀς
319 2140 401 2223 μηδὲ
424 2141 623 2225 φθέγγεσθαι
648 2141 823 2220 δυνάμενος
845 2136 907 2203 ἀπὸ
929 2141 984 2222 τῆς
1014 2133 1194 2222 ἀλγηδόνος.

103 2235 132 2302 oi
156 2238 193 2301 dt
213 2235 357 2311 ἀτάκτως
376 2233 570 2322 έθοράβουν,
592 2241 721 2316 ἕκαστος
739 2235 774 2302 τό
802 2232 1051 2321 προσιστάμενον
1077 2232 1193 2317 βουλό.

64 2356 195 2416 :operor
221 2338 351 2418 κυροδν.
403 2332 433 2400 oi
453 2337 513 2418 μὲν
531 2333 593 2421 γάρ
615 2334 719 2417 ἔλεγον
739 2338 807 2399 δεῖν
826 2334 983 2415 Σίσμανον
1002 2331 1286 2416 διασώζειν,Ρ.354

102 2433 206 2518 δκέτην
219 2427 447 2519 τῆςῬωμαίων
460 2437 623 2517 βασιλείοις
636 2435 847 2520 γεγενημένον,
869 2435 924 2498 καί
934 2429 979 2517 μὴ
1003 2435 1194 2521 καταπροδι-

105 2532 217 2613 δόναι,
242 2534 273 2597 εἰ
292 2535 342 2599 δελ
359 2560 391 2599 τι
409 2537 466 2599 καί
483 2538 546 2599 τάν
567 2536 732 2619 δυσχερῶν
755 2530 924 2612 ἀπομένειν
943 2534 990 2596 δι’
1013 2532 1122 2599 ου’τάν.
1163 2530 1195 2599 oi

106 2633 141 2696 δλ
171 2629 230 2715 τίγν
253 2628 366 2718 χάραν
382 2634 505 2715 μᾶλλον
532 2631 589 2699 καί
606 2630 646 2699 τά
667 2634 764 2699 οἰκεῖα
784 2628 955 2710 διατάξειν
974 2633 1031 2699 καί
1048 2628 1095 2717 μὴ
1113 2636 1195 2719 βαρ-

180 2780 219 2831 ¹7·
237 2762 356 2818 tutem
375 2761 440 2817 τότε
456 2762 484 2817 P.

104 2882 251 2937 triarebrm
267 2884 330 2954 (itte
355 2884 428 2939 euim
453 2885 569 2939 eonriiio
596 2882 783 2957 praesidebat)
808 2885 928 2938 iratore
952 2887 1029 2939 eurta
1054 2884 1195 2939 bominem

104 2962 262 3015 exacturos,
287 2961 335 3005 ant
352 2954 442 3007 verbis
459 2956 555 3008 saltem
578 2954 612 3009 de
630 2958 698 3008 ittae
718 2961 773 3007 enm
798 2954 993 3025 intempestive
1015 2955 1125 3023 liuguae
1143 2971 1195 3026 pe-

104 3024 225 3076 tutantia
242 3020 431 3095 obiurgatores
448 3026 593 3094 sperabat,
619 3026 655 3077 ed
672 3026 869 3078 contumetiam
887 3026 980 3078 tacuit.
1016 3025 1084 3077 Cum
1103 3036 1196 3081 autem

105 3095 147 3146 itti
169 3101 266 3145 contet
283 3110 319 3147 ne
337 3098 470 3148 mutirent
488 3096 599 3165 quidem
626 3093 712 3169 (quod
730 3094 843 3147 minime
863 3095 990 3164 decebat)
1022 3096 1109 3146 maior
1132 3112 1196 3147 eum

104 3164 279 3233 perturbatio
306 3166 434 3227 incessit,
452 3182 502 3235 pro
526 3166 672 3217 manifesto
692 3164 861 3218 confusionis
879 3175 908 3218 et
926 3165 1069 3218 anerchiee
1090 3163 1196 3216 baben·

104 3242 160 3287 tem
184 3234 305 3295 iudicio,
323 3236 346 3285 si
364 3234 394 3286 in
412 3240 533 3307 quemria
552 3252 567 3287 e
587 3234 736 3287 maioribua
755 3233 843 3288 iibere
863 3238 995 3291 insutare
1012 3236 1116 3287 tieeret.
1140 3234 1197 3286 De-

105 3304 221 3357 mettius
247 3313 338 3357 autem
364 3305 509 3357 'i'ornieios
535 3305 708 3358 insolentiam
733 3322 789 3355 non
815 3306 915 3367 tereus,
951 3304 1027 3373 Quid
1053 3304 1107 3357 boe
1132 3305 1196 3358 rei?

105 3374 217 3445 inquit,
245 3375 280 3427 ed
299 3376 527 3428 democratiamne
552 3378 697 3429 Romanum
717 3374 864 3443 imperium
881 3372 1051 3442 redigemur,
1081 3383 1112 3427 ot
1131 3374 1197 3425 uui·

105 3446 207 3513 enique
226 3444 266 3495 t'ae
284 3446 322 3498 sit
340 3447 481 3499 contulere
499 3462 531 3499 eo
546 3448 641 3499 dicere
659 3462 708 3515 pro
729 3443 849 3497 libidine
868 3460 956 3516 aeque
974 3446 1003 3497 in
1026 3444 1196 3516 gravioribus

106 3517 185 3566 utin
204 3513 373 3575 levioribus,
400 3525 429 3567 et
444 3516 668 3584 prudentioribus
690 3531 738 3566 sua
757 3514 866 3566 decreta
887 3515 1057 3584 approbandi
1076 3518 1196 3567 necersi-

106 3590 190 3637 tatem
212 3586 375 3654 imponere?
405 3586 483 3655 Quid
501 3586 611 3638 tendens
633 3585 686 3638 boe
712 3584 840 3635 etotidius
859 3585 919 3637 fieri
937 3585 1040 3655 queat?
1070 3585 1195 3654 Cumque

109 3655 158 3705 iam
186 3656 262 3707 inter
285 3672 314 3708 ae
339 3656 465 3709 altercari
489 3656 657 3726 inciperent,
693 3655 852 3723 imperatrix
876 3672 906 3707 ee
929 3655 1120 3723 interponens.
1146 3671 1195 3708 eos

109 3724 234 3777 oobibuit
251 3724 376 3788 horeste,
398 3733 446 3790 ut,
471 3726 623 3780 istiusmodi
642 3726 813 3778 sermonibus
835 3724 932 3775 ottenis
950 3726 1069 3788 omissis,
1092 3725 1126 3778 de
1142 3742 1195 3778 ne-

109 3794 229 3847 eessariia
248 3794 421 3851 dirsererent.
457 3796 569 3866 Magnus
595 3794 758 3849 domesticus
784 3793 905 3847 dolorem
927 3796 1058 3848 etomnebi
1083 3803 1112 3847 et
1133 3803 1195 3847 tor·

107 3866 177 3916 mina
200 3865 331 3917 sianuiere
353 3866 509 3937 sileteque,
537 3882 569 3919 ae
592 3866 615 3918 si
635 3868 771 3918 eruciatus
797 3864 846 3915 iiie
871 3858 925 3916 sibi
949 3881 1042 3916 vocem
1065 3867 1193 3934 eriperet.

108 3932 151 3987 liti
169 3936 333 3989 immodeste
352 3944 479 3987 mutuum
497 3935 670 4006 obstrepere,
699 3934 763 3987 dum
786 3935 904 4005 quieque
932 3936 1102 4003 propositum
1126 3944 1203 3986 con-'

107 4004 212 4057 trenaee
229 4008 338 4057 nititur.
374 4006 493 4077 Quidam
512 4008 586 4057 euim
605 4006 758 4059 Sismanum
776 4004 889 4056 [tomsni
916 4004 1025 4073 imperii
1042 4006 1194 4075 supptitem

106 4076 337 4137 eonservandum,
357 4093 413 4128 non
436 4074 604 4147 prodendum
625 4073 797 4139 asserebant,
815 4074 922 4126 etiamsi
939 4076 999 4126 eius
1018 4092 1098 4127 eausa
1112 4076 1196 4145 quip-

107 4145 178 4213 piarn
204 4146 299 4199 siurim
323 4146 481 4215 patiendum
501 4145 579 4199 ieret,
615 4145 669 4198 Alit
696 4144 779 4214 magis
800 4146 938 4212 regionem
957 4152 986 4195 et
1005 4148 1114 4213 proprie
1134 4162 1194 4195 ser·

106 4215 193 4271 tenda
209 4216 388 4291 tuendaque,
407 4232 458 4269 uec
475 4224 585 4287 propter
601 4214 745 4287 fugitivum
767 4212 915 4269 barbarum
934 4214 962 4266 in
980 4218 1101 4283 praevise
1120 4213 1194 4284 peri·
