3125 4900
330 285 388 369 66
495 257 504 268 ⁸
723 295 1068 373 muraenam·

189 460 503 551 tcmlisorpbsqydr
531 461 586 529 τόν
620 460 903 546 παρανοιμιδμενον
931 453 1154 538 uniames,
1187 455 1245 523 ιιαί
1261 447 1321 522 ise
1345 449 1414 520 ἔδει

257 565 261 572 ’
329 562 544 645 ἐντειλάμενος
566 559 622 626 καί
635 563 694 626 τοῦ
711 563 825 624 λοιποῦ
839 557 987 633 κελεῦσας
1013 557 1102 644 αῦτρῦ
1120 556 1227 638 μέλειν
1249 550 1305 616 τόν
1331 549 1413 616 α’πό-

328 670 446 744 πλουν,
461 660 557 737 αῦτός
576 659 721 748 Ὀρχόνη,
738 664 783 747 τῷ
797 662 853 744 τής
867 655 945 722 κατὰ
965 655 1124 722 Βιθυνίαν
1142 650 1223 742 ἑῴας
1244 653 1390 740 σατροὶπη
1400 702 1412 733 ,

330 760 568 848 διεπρεσβεύετο
589 757 663 846 περί
682 758 816 846 εἰρήνης.
831 753 907 821 οῦδὲ
925 753 986 841 γὰρ
1015 750 1117 819 ἐδόκει
1140 755 1205 818 δεῖν
1224 746 1313 840 αῦτηῖ
1333 757 1414 836 πρὸς

329 858 466 945 ἑσπέραν
484 863 627 944 μέλλοιτε
648 859 847 944 στρατεύειν,
879 853 1013 936 πόλεμόν
1032 850 1106 919 ’τινα
1120 852 1291 935 Ῥωμαίοις
1310 851 1433 918 δπιλτοοὸ

328 965 521 1025 καταλιπεῖν.
562 959 632 1024 luci
659 959 694 1021 δὲ
723 955 779 1020 ναί
807 955 827 1041 ή
847 952 927 1041 πρός
948 956 1063 1020 ἐκεῖνον
1082 948 1189 1037 εἰρήνη
1208 954 1296 1028 τέλος
1315 948 1413 1035 εἶχεν,

328 1054 424 1134 αῦτός
444 1061 505 1142 μὲν
530 1055 610 1144 πρός
640 1055 699 1140 τήν
718 1051 826 1135 ἔξοδον
850 1048 1109 1140 παρεσκευάζετο.
1149 1041 1211 1136 ήδη
1233 1048 1295 1138 γὰρ
1317 1051 1412 1135 nats?

295 1156 461 1244 Βσερατιοὶ
481 1154 560 1222 νατοὶ
589 1150 819 1238 Διδυμότειχυν
841 1156 896 1218 καί
914 1150 971 1238 τήν
988 1145 1163 1236 Ἀδριανοῦ
1181 1145 1292 1233 πόλιν,
1314 1147 1417 1217 αῦτυῦ

326 1252 507 1331 κελεύοντος
514 1304 525 1338 ,
545 1255 755 1338 συνελέγοντο.
797 1255 832 1318 έν
860 1244 883 1341 ᾗ
901 1253 938 1315 δὲ
965 1248 1092 1334 ἔμελλεν
1110 1247 1213 1338 ἡμέρᾳ
1232 1253 1414 1329 Βυζαντίου

327 1359 464 1438 ἐξιέναι,
484 1351 540 1420 τόν
560 1353 762 1440 πατριόρχην
781 1352 878 1434 μόνος
897 1347 993 1435 μόνον
1011 1347 1209 1436 παραλαβοόν
1243 1351 1301 1414 saus*
1313 1372 1317 1380 ·
1330 1348 1455 1436 πρόςιο

225 1535 229 1544 Ι
325 1453 380 1521 τόν
407 1455 442 1520 ἐν
465 1455 636 1537 βασιλείοις
660 1454 718 1518 τοῦ
737 1446 939 1538 μυροόλότου
970 1449 1153 1534 Δημητρίου
1166 1451 1232 1513 τοῦ
1248 1449 1412 1536 μάρτυρος

325 1551 487 1639 γενόμενος
504 1549 595 1637 ναόν,
616 1550 713 1635 ,τοῦς
726 1555 786 1634 μὲν
798 1551 878 1633 ἐμοῦ
894 1573 928 1615 τε
941 1545 1059 1631 μεταξῦ
1076 1546 1132 1612 καί
1143 1549 1327 1630 βασιλίδοςη
1348 1547 1412 1636 ἐφη

324 1655 565 1738 ,γεγενημένους
586 1649 699 1736 λόγους
727 1645 785 1714 οῦκ
805 1651 936 1734 ἀγνοεῖς.
968 1647 1009 1711 οδ
1026 1643 1086 1733 γὰρ
1107 1641 1201 1729 μόνον
1222 1647 1327 1732 παρής
1346 1656 1412 1725 τοῖς

324 1757 400 1839 παρ’
431 1753 617 1838 ἀμφοτέρων
646 1751 842 1833 λεγομένοις,
879 1745 960 1813 α’λλδ
990 1746 1046 1811 καί
1072 1749 1134 1811 τῶν
1161 1742 1313 1833 πρότερον
1343 1747 1410 1838 ἰδίηι

324 1849 416 1936 ήμῦν
436 1843 556 1938 ἑκάστῳ
578 1851 748 1934 εἰρημένων
769 1844 868 1922 αδτός
881 1838 968 1931 ήσδα
987 1843 1138 1930 μηνυτής.
1178 1847 1272 1911 ου’δέν
1292 1848 1329 1910 δέ
1347 1849 1453 1913 ssa-¹5

272 1971 275 1984 ·
325 1946 456 2034 ροὶλυγον
476 1943 499 2030 ή
517 1944 721 2028 θαυμαστὸν,
755 1949 786 2012 εἰ
804 1941 873 2010 τότε
891 1947 952 2027 μέν
971 1942 1049 2028 περί
1065 1947 1146 2026 ἐμοῦ
1165 1947 1299 2009 τοιαῦτα
1319 1942 1410 2033 έπήει

325 2049 365 2136 τῇ
384 2046 525 2130 βασιλίδι
545 2047 660 2129 λέγειν,
684 2043 761 2121 ἴσως
781 2045 908 2132 οἰομένη
923 2041 1046 2127 μεγάλα
1062 2041 1132 2108 τινὰ
1150 2047 1410 2130 καταπράξεσθαι

295 2147 404 2228 cipi,
426 2145 498 2210 νυνί
516 2145 551 2208 δέ
573 2142 627 2208 ἐπί
645 2147 708 2209 τοῦν
728 2141 837 2230 ἔργων,
856 2139 903 2226 μή
923 2144 988 2207 κατ’
998 2143 1128 2220 ἐλπίδας
1147 2145 1231 2231 αδτῇ
1249 2147 1313 2208 τεόν
1327 2169 1410 2229 πρα-

323 2241 450 2330 γμάτων
471 2239 695 2326 ἐκβαινόντων,
724 2238 914 2325 μεταμέλειά
942 2265 992 2318 τις
1011 2244 1139 2326 εἰσῆλθε
1164 2247 1226 2308 τεόν
1245 2245 1410 2327 γεγενημέ-

321 2367 395 2414 νων.
436 2345 467 2408 εἰ
484 2345 543 2424 μὲν
565 2333 631 2425 σῦν,
665 2335 740 2428 ὅπερ
764 2339 855 2430 ἔφην,
874 2337 955 2428 πρός
974 2359 1012 2405 τι·
1025 2343 1089 2405 ruis
1107 2345 1280 2425 γινομένων
1302 2344 1453 2425 υἰηδῦςτσ

323 2443 525 2525 διατεθεῖσα,
546 2439 584 2507 τό
608 2443 778 2527 δεδογμένα
799 2443 908 2527 μηκέτι
922 2441 1064 2526 στέργειν
1085 2444 1207 2524 ἐθέλει,
1230 2441 1409 2528 διαρρήδην
1479 2438 1483 2443 ”

321 2545 423 2625 λέγειν
446 2542 526 2619 οἰξιτῦ
545 2540 600 2606 καί
617 2540 662 2627 μή
675 2543 905 2626 συγκαλύπτειν
917 2538 971 2606 ῦπ’
993 2544 1114 2617 αἰδοῦς.
1137 2542 1198 2624 ἐγώ
1219 2541 1277 2627 γὰρ
1300 2540 1406 2627 ὥσπερ

321 2638 378 2705 καί
403 2640 554 2725 πρότερον
581 2635 768 2723 ἐτοιμότατα
795 2639 860 2725 ἐχω
890 2646 1116 2725 παραιτεῖσθαι
1145 2640 1202 2725 τήν
1222 2642 1335 2725 δρχήν.
1377 2644 1411 2707 εἰ

322 2740 350 2804 δ’
370 2740 472 2825 ἐκείνη
494 2738 549 2804 διοὶ
570 2742 679 2816 τέλους
699 2738 814 2825 ἔγνωκε
830 2743 974 2830 στέργειν
990 2738 1030 2806 τό
1046 2742 1249 2827 ἐψηφισμένα
1270 2739 1407 2817 καίτοδς

390 2926 417 2967 a.
434 2910 487 2963 τοῦ
503 2905 638 2963 δπέπλου
655 2906 692 2959 lt
712 2923 764 2980 mg.

318 3023 1407 3169 t:tlili2.:tlittliitlfiltttltllt‘litatisilli:

318 3176 468 3239 iatrapsm‚
487 3170 590 3239 legatos
608 3169 643 3222 de
659 3182 726 3237 paos
743 3168 836 3232 mislt3
854 3170 1012 3229 nonenim,
1030 3170 1059 3218 in
1078 3167 1246 3223 occidentem
1260 3167 1405 3231 ducturus,

317 3238 422 3292 bellum
440 3238 555 3312 aliquod
574 3240 701 3292 Romanis
719 3252 734 3287 a
751 3244 827 3306 tergo
845 3238 1039 3308 reliquendum
1057 3237 1205 3291 iudicabat
1246 3236 1314 3290 Pace
1339 3254 1404 3289 cum

318 3308 369 3360 illo
404 3312 524 3374 firmate,
548 3318 577 3363 et
599 3308 787 3377 Didymotlelai
810 3314 893 3381 atque
917 3308 1094 3377 Adrianopoli
1119 3309 1263 3361 domestici
1285 3316 1404 3360 evocatu

318 3388 479 3448 congregato
504 3380 641 3445 exercitu,
668 3380 761 3431 itineri
791 3394 821 3431 se
845 3379 972 3438 accinxit,
1012 3378 1076 3450 Quo
1094 3387 1186 3431 autem
1204 3378 1250 3431 dis
1277 3380 1403 3431 exiturus

318 3455 391 3512 erat,
411 3452 594 3518 patriarcham
612 3450 699 3501 solum
718 3450 793 3501 solus
810 3451 992 3512 conveniens,
1011 3460 1040 3503 et
1055 3448 1090 3501 ad
1108 3450 1241 3520 templum
1265 3449 1402 3501 Demetrii

316 3520 441 3587 martyris
462 3518 642 3588 myroblytae,
663 3520 692 3571 iu
710 3526 752 3570 est
771 3518 864 3570 oleum
881 3519 1030 3585 sullanus,
1051 3522 1235 3588 cognominati
1253 3516 1404 3582 adducens,

317 3585 396 3657 Quae
424 3590 496 3642 inter
517 3606 560 3642 me
584 3598 613 3642 et
634 3588 835 3658 imperatricem
861 3587 934 3641 dicta
951 3598 1029 3655 sunt,
1046 3591 1154 3661 inquit,
1175 3606 1230 3641 non
1247 3599 1276 3642 te
1297 3588 1401 3641 latente

314 3671 367 3710 neo
392 3660 465 3711 enlm
492 3666 599 3713 tantum
625 3660 791 3722 interfuisti,
820 3658 870 3712 sed
896 3666 925 3712 et
967 3676 1020 3711 uae
1039 3664 1116 3731 prius
1142 3667 1259 3730 uterque
1277 3665 1401 3711 nostrum

315 3730 460 3796 separatim
479 3729 565 3793 dixit,
583 3737 614 3783 tu
632 3746 725 3782 eorum
742 3729 929 3783 internuntius
945 3679 1032 3782 grisii.
1067 3731 1146 3782 Nihil
1163 3748 1243 3799 porro
1270 3731 1317 3782 ino
1337 3729 1402 3780 ina·

315 3802 374 3851 luna
391 3804 439 3851 sut
456 3798 637 3863 admirabile,
654 3799 677 3852 si
695 3808 755 3852 tum
772 3798 885 3871 quidem
908 3801 1077 3870 imperatrici
1101 3800 1168 3853 talia
1191 3802 1226 3853 dc
1253 3816 1296 3852 me
1319 3746 1401 3868 requi

316 3867 512 3934 occumbant,
537 3886 609 3941 qnae
631 3870 746 3922 forsitan
773 3870 874 3921 eximia
898 3868 1033 3939 quaedam
1051 3888 1094 3921 me
1111 3879 1331 3940 perpetraturum
1350 3885 1401 3921 sr-

314 3936 478 3993 bitrsretur:
501 3956 574 3993 nuno
592 3946 682 3992 autem
700 3943 729 3991 in
754 3940 813 4007 ipso
840 3956 938 4009 opere,
964 3940 1047 3991 rebus
1069 3957 1146 3992 secus
1170 3958 1253 4011 quam
1271 3939 1400 4009 sperabat

314 4007 515 4073 evenientibus,
531 4010 688 4082 poenitudo
704 4009 839 4081 quaedam
857 4009 921 4061 facti
942 4026 1001 4061 mm
1020 4011 1112 4063 subiit
1150 4012 1179 4062 Si
1198 4013 1281 4079 igitur
1292 4010 1321 4061 in
1339 4009 1399 4078 pri-

313 4078 386 4129 stino
407 4079 510 4133 iudicio
528 4083 701 4201 acquiescere
720 4080 837 4148 amplius
855 4095 911 4130 non
930 4079 1003 4142 vult,
1028 4090 1122 4151 aperte
1146 4082 1175 4133 id
1190 4081 1257 4132 mihi
1279 4078 1399 4132 indicari

311 4164 364 4200 nec
380 4150 486 4219 pudore
504 4166 560 4273 quo
581 4168 623 4201 am
642 4151 728 4201 celari
744 4151 835 4219 cupio.
872 4151 926 4216 Ego
945 4148 1037 4213 enim,
1055 4151 1193 4222 quomodo
1222 4159 1320 4213 antea,
1346 4152 1399 4200 ab·

313 4211 403 4273 dicare
424 4236 468 4273 mc
486 4236 501 4271 a
522 4220 723 4276 ministratione
744 4218 1058 4290 inpeslipustissimus
1075 4238 1143 4274 sum.
1181 4219 1263 4291 Quod
1292 4222 1315 4272 si
1340 4224 1400 4291 ipsa
