3125 4900
444 301 728 378 automatum·
757 288 888 379 utra.
1130 269 1215 360 315

128 467 267 541 ε’κείνους
297 466 364 529 κατ’
391 465 472 546 έμοῦ
499 465 668 545 γενέσθαι,
696 455 753 535 oric
772 448 811 521 al
830 455 928 521 ποιεῖν
948 455 1007 518 osis
1026 453 1359 538 §succumberem

128 571 164 634 ἐν
196 568 301 634 πᾶσιν.
357 561 388 628 εί
415 565 450 629 δέ
476 563 531 627 καί
548 558 604 626 ύπ’
623 553 729 624 αὐτῶν
748 553 869 624 τούτων
887 559 1006 638 μάλλον
1025 552 1118 640 ἡμεῖς
1137 545 1217 637 άνή-
1405 571 1410 581 ’

128 689 225 730 κεστα
238 660 463 744 ε’πεπδνθειμεν
475 661 529 726 καί
547 657 586 724 τά
609 652 771 724 δεινότατα
783 707 794 740 ,
814 657 896 742 φεύ,
910 654 1219 740 σεσυκοφαντήμεθα

129 767 186 830 καί
203 759 461 847 διαβεβλήμεθα,
478 764 516 825 τί
530 754 593 845 χρῆ
614 760 669 822 καί
689 759 807 841 λέγεινς
827 754 898 820 ἀλλ’
916 756 1025 839 ἐχρῆν,
1046 744 1098 836 άρ’
1116 751 1247 836 inprime

107 863 353 949 δκατειληφέναι
381 855 502 936 πάντας
524 859 672 934 οἷπλανιός
692 859 747 923 καί
765 857 799 931 ές
818 845 980 939 προύπτον
998 854 1144 932 κεῖσθαι,
1174 851 1224 925 ὥς,

131 963 230 1028 οὐδέν
253 963 408 1043 μόνιμον,Ι
424 961 500 1025 oriali
528 962 666 1042 βέβαιον.
700 959 745 1044 τῷ
763 956 872 1040 μέντοι
890 951 954 1040 πρό
976 949 1066 1036 ἡμῶν
1087 950 1218 1038 δεσπότη

130 1063 241 1139 τεκαὶ
269 1063 399 1141 βασιλεῖ
431 1063 477 1147 τῷ
494 1055 653 1144 θειοτάτῳ
672 1054 727 1120 καί
746 1055 879 1142 γενναίηι
897 1073 954 1134 μοι
974 1049 1101 1138 άδελφηῖ
1119 1045 1220 1112 πάλαι

130 1156 168 1223 τά
179 1158 505 1247 μέγιστ’άδικουμὲνιμ
527 1157 584 1221 καί
601 1151 821 1234 κινδυνεύοντι,
843 1152 1036 1239 (παροπτέον
1055 1149 1090 1212 δέ
1104 1143 1144 1212 τά
1159 1149 1221 1212 νύν

133 1259 243 1344 φειδοῖΙ
248 1259 312 1323 τεόν
323 1255 526 1337 α’δικούντιον,
541 1252 623 1338 πλὴν
645 1251 769 1335 τούτου,
789 1251 874 1315 πάνυ
885 1249 1082 1330 θαυμαστῶν
1096 1238 1218 1332 iussos)

94 1357 356 1442 ιοπροστεθέντες
377 1353 469 1440 ἡμεῖς
493 1355 551 1420 καί
575 1351 677 1418 πάντα
697 1353 757 1434 μὲν
776 1355 853 1434 παρ’
873 1348 966 1412 οὐδὲν
984 1349 1122 1430 θέμενοι,
1141 1367 1220 1428 συγ-

130 1455 331 1520 κινδυνεύσει
351 1455 381 1519 δ’
401 1454 506 1541 έκείνιμ
526 1454 630 1527 καλῶς
650 1447 793 1530 ἑλόμενοι
815 1448 873 1512 καί
889 1449 1017 1530 μορίοις
1039 1443 1121 1528 ύπέρ
1138 1441 1221 1508 ἐκεί-

130 1577 187 1620 νου
210 1553 457 1634 συμπιεσθὲντες
488 1553 622 1631 δεινοῖς,
655 1553 763 1636 φιλίοις
794 1542 858 1636 όρηι
882 1546 938 1611 καί
961 1539 1067 1627 νόμοις
1093 1543 1313 1630 &mulcemur

128 1653 247 1736 χρέους
278 1646 476 1732 πειθόμενοι,
515 1651 735 1735 περιγενέσθαι
764 1646 918 1731 λαμπροῖς
941 1645 1006 1710 τοῖν
1027 1639 1224 1708 άδικσύντοον.

130 1751 257 1814 τουτονί
286 1747 501 1834 πεποιήκαμεν
521 1749 625 1830 θεοῦ,
647 1743 797 1830 τυχόντες
823 1747 910 1809 ἵλεω.
952 1739 1009 1807 καί
1025 1735 1107 1829 ἧμιν
1127 1734 1226 1818 αὖθις

94 1849 172 1918 ιὸίν
191 1845 286 1912 παντί
302 1845 361 1937 βίῳ
382 1851 442 1912 τού
462 1849 520 1934 ζῇν
539 1847 596 1911 καί
613 1841 795 1928 βασιλεύειν
814 1843 933 1909 ἐκεῖνον
944 1837 1114 1927 κηδόμενοί
1121 1863 1154 1907 τι
1170 1839 1253 1913 sain

130 1946 207 2031 περί
225 1948 373 2012 πλείστου
396 1941 597 2029 ποιούμενοι,
620 1943 663 2020 ιός
683 1941 774 2009 ἴσασι
790 1944 892 2009 ταύτα
912 1943 1038 2024 πάντες,
1058 1941 1115 2007 καί
1130 1940 1222 2026 ἡμῶν

130 2043 166 2111 τό
187 2049 279 2134 σιγᾷν
296 2043 506 2130 αίροομένοον.
553 2040 614 2130 lyci
643 2045 702 2126 μὲν
723 2037 803 2124 σύν,
823 2037 869 2117 oia
888 2040 944 2106 κατ’
962 2039 1142 2115 πλειστάκις
1161 2039 1222 2105 ου’-

129 2151 194 2220 τοῖς
221 2141 323 2229 ἔργοις
347 2144 553 2228 ἐπεδειξάμην
560 2193 571 2227 ,
597 2141 660 2208 aino
679 2146 747 2232 θεῷ
766 2139 824 2207 καί
840 2139 881 2206 τά
903 2143 964 2206 νόν
984 2137 1223 2223 διισχυρίζομαι

129 2244 291 2328 μάρτυρι,
312 2238 356 2318 ὥς
375 2241 467 2330 ῥᾷστ’
488 2237 528 2308 άν
548 2241 605 2308 καί
622 2239 684 2308 σύν
704 2241 787 2328 ssimi
805 2239 866 2327 τὴν
884 2236 964 2325 έμίμι
983 2236 1145 2322 α’πεδόμην
1161 2239 1224 2315 ζει

86 2339 197 2424 εοὴν,
227 2338 291 2426 εἴγε
319 2341 391 2420 ε’ξδν
417 2332 456 2426 ἦν
489 2341 605 2406 έκεῖνυν
625 2340 685 2404 ota
706 2341 740 2416 ές
759 2335 842 2428 ᾅδου
862 2340 956 2405 ίένατ.
995 2337 1067 2401 ἕπει*
1086 2337 1123 2402 δὲ
1141 2337 1225 2400 τοῦτ’

128 2437 304 2525 ἐβουλόμην
321 2442 381 2523 μέν
400 2440 457 2507 καί
491 2435 567 2509 ὅσον
586 2435 622 2505 τό
646 2440 702 2504 εἶπ’
722 2439 869 2521 έμαυτοῦ
883 2431 969 2521 εἶχον
980 2437 1015 2501 ἐκ
1030 2437 1090 2501 τού
1100 2431 1223 2523 ῥᾴστου

130 2541 343 2625 πεποιηκέναι,
361 2542 407 2629 τῷ
426 2541 493 2628 θεῷ
515 2543 546 2607 δ’
566 2532 651 2605 νότοι
670 2538 812 2623 κέκριται
834 2535 890 2602 καί
907 2536 1076 2620 τέθνηκεν,
1104 2528 1149 2609 cic
1175 2528 1223 2617 μὴ

128 2628 244 2723 ὤφελε,
263 2638 335 2721 βίον
353 2636 488 2723 άβιοπον
508 2635 583 2721 tuat
600 2632 850 2718 καταλελοιπώς,
876 2635 933 2700 τού
961 2636 1020 2722 ζῇν
1037 2636 1094 2699 καί
1111 2623 1257 2719 άρχεινΡ.
1269 2644 1320 2715 Sat

129 2817 328 2943 quadamtenus
344 2822 534 2885 seiuncturus,
554 2822 593 2874 sic
616 2822 689 2892 ipsos
709 2838 766 2875 non
786 2820 868 2875 alites
884 2820 1004 2873 {acturos
1022 2818 1221 2873 existimabam.

146 2891 253 2945 'utenda
277 2893 394 2955 veritas,
421 2890 610 2945 difficillimum
633 2891 759 2955 credidi,
783 2900 816 2944 ut
836 2890 881 2945 illi
903 2890 974 2944 mibi
997 2890 1222 2953 adversarentur,

129 2961 232 3033 quibus
253 2960 444 3032 undecumque
462 2963 623 3015 benefacere
647 2979 703 3017 non
721 2963 834 3015 cessavi.
870 2962 900 3015 si
918 2970 1010 3015 sutem
1036 2960 1071 3013 ab
1089 2959 1132 3014 bis
1153 2959 1221 3028 ipsis

128 3033 224 3102 poflus
240 3030 355 3085 inianda
375 3033 448 3101 passi
465 3040 511 3095 et,
529 3050 578 3104 pro
599 3032 693 3095 dolor,
711 3034 856 3087 calumniis
875 3032 1115 3085 vehementissime
1132 3044 1223 3097 oppu-

128 3104 204 3171 gnati
225 3118 335 3165 sumus,
358 3102 427 3172 quial
453 3103 555 3156 attinet
573 3104 651 3172 plura
670 3102 783 3157 dicere?
808 3102 864 3155 Sed
882 3099 1042 3171 oportebat,
1062 3099 1223 3168 oportebat,

128 3174 259 3243 inquam,
276 3188 371 3225 omnes
390 3182 595 3243 cognoscereet
612 3182 677 3227 autc
694 3173 789 3225 oculos
809 3187 930 3242 ponere,
949 3171 1022 3223 nibil
1039 3188 1098 3223 esse
1113 3170 1222 3221 firmum

129 3258 162 3294 sc
178 3256 349 3312 permanent.
385 3243 442 3313 Qui
460 3252 552 3295 autem
570 3260 621 3297 nos
640 3246 790 3298 antecessit
810 3242 937 3295 dominus
956 3257 988 3293 ac
1010 3242 1158 3310 imperator
1175 3237 1222 3289 dl-

129 3314 287 3365 riuissimus
305 3320 335 3365 et
350 3326 496 3381 generosus
514 3312 585 3368 mibi
602 3316 700 3377 frater,
730 3316 757 3367 ei
784 3314 850 3366 olim
872 3312 1082 3364 iniuriosissime
1105 3316 1221 3363 tractato

129 3383 206 3435 etin
225 3385 353 3452 periculis
376 3384 494 3437 versanti
519 3384 758 3455 (dissimulandum
789 3392 819 3436 et
844 3381 1011 3452 parcendam
1038 3381 1068 3432 in
1091 3394 1221 3450 praesens

129 3452 181 3513 iis,
201 3456 249 3524 qui
270 3454 400 3505 iniuriam
417 3453 590 3519 intulerunt,
612 3456 667 3507 uisi
694 3454 763 3517 hoc,
788 3453 864 3523 quod
892 3451 1071 3509 illustrissimi
1094 3449 1225 3521 luerunt)

129 3538 179 3575 nos
196 3524 316 3587 nociati,
343 3522 404 3576 aius
422 3540 500 3577 causa
527 3522 619 3577 omnia
648 3524 876 3592 contempnimur,
903 3532 933 3575 et
957 3538 1018 3573 cum
1040 3537 1072 3575 eo
1099 3522 1220 3590 pericula

126 3592 251 3647 libenter
267 3595 434 3657 rubemus,
454 3594 587 3666 milleque
604 3595 684 3646 malis
703 3602 815 3664 propter
832 3595 912 3646 illum
930 3592 1062 3656 exerciti,
1083 3591 1219 3643 amicitiae

127 3680 160 3715 sc
177 3666 266 3717 iustae
284 3664 455 3719 necessitatis
472 3667 578 3735 legibus
598 3665 705 3717 inducti
724 3666 878 3727 effecimus,
906 3666 995 3716 Deum
1013 3662 1103 3715 sortiti
1121 3662 1219 3730 propi-

127 3734 219 3793 tium,
246 3742 277 3786 ut
293 3734 316 3787 is
335 3742 524 3805 persecutores
542 3753 605 3788 suos
629 3734 769 3805 praeclare
796 3743 946 3804 superaret
982 3734 1017 3786 Et
1041 3748 1145 3785 eramus
1169 3750 1224 3803 po·

127 3810 185 3857 stes
204 3803 235 3854 in
251 3806 325 3858 omni
345 3806 409 3859 sius
429 3806 484 3859 vita
503 3805 617 3859 solliciti
635 3806 806 3875 maximique
820 3804 961 3857 cuiusdam
976 3804 1043 3855 boni
1061 3805 1122 3856 loco
1142 3814 1221 3871 opta·

125 3874 242 3938 bamus,
271 3884 303 3927 ut
325 3876 373 3929 ille
397 3874 501 3929 vireret
527 3884 557 3928 et
574 3876 735 3947 imperaret:
764 3874 885 3945 idquod
905 3874 1120 3927 relucentibus
1137 3875 1219 3926 nobis

125 3960 209 3997 armo
224 3962 281 3997 uon
303 3949 387 3999 norit.
425 3948 480 4013 Ego
500 3948 600 4016 igitur,
645 3946 700 3999 uod
721 3945 800 3998 iactis
818 3946 885 4014 ipsis
903 3944 1062 4014 saepissime
1079 3961 1146 4014 prae
1173 3961 1217 3996 mc

125 4015 195 4077 tuli,
209 4032 285 4068 nuuc
304 4033 416 4087 quoque
437 4019 493 4070 Deo
514 4024 583 4070 teste
601 3964 719 4070 affirmo:
739 4016 761 4068 si
783 4016 841 4068 lieri
860 4018 1010 4086 potuisset,
1037 4022 1068 4067 ut
1091 4015 1139 4066 illc
1162 4032 1219 4067 uon

124 4094 294 4149 moreretur,
312 4103 355 4139 ms
373 4088 548 4157 cupidissime
565 4104 615 4158 pro
634 4106 667 4140 eo
686 4088 847 4138 moriturum
874 4088 968 4145 luisse,
1003 4086 1141 4156 Quoniam
1168 4099 1220 4134 su·

124 4164 181 4207 tem
200 4172 251 4227 ego
276 4158 347 4209 istuc
366 4159 456 4221 solui,
480 4170 511 4213 ct
528 4158 603 4229 quod
623 4158 659 4209 ud
686 4176 729 4211 me
746 4160 863 4218 attinet,
885 4157 1131 4225 facillimcpotui,
1160 4156 1219 4207 Deo

124 4234 219 4285 unca
237 4226 321 4283 aliter
338 4228 424 4281 visum
439 4238 499 4295 est,
528 4240 556 4285 ct
573 4232 621 4285 illc
641 4230 737 4283 obicus
762 4226 850 4301 (quod
867 4229 971 4283 utinam
990 4226 1156 4300 superesset)
1178 4226 1221 4277 ti·
