<?xml version="1.0" encoding="UTF-8"?>
<!DOCTYPE html PUBLIC "-//W3C//DTD XHTML 1.0 Transitional//EN"
    "http://www.w3.org/TR/xhtml1/DTD/xhtml1-transitional.dtd">
<html xmlns="http://www.w3.org/1999/xhtml" xml:lang="en" lang="en">
 <head>
  <title>
</title>
<meta http-equiv="Content-Type" content="text/html;charset=utf-8" />
  <meta name='ocr-system' content='tesseract 3.04.00' />
  <meta name='ocr-capabilities' content='ocr_page ocr_carea ocr_par ocr_line ocrx_word'/>
</head>
<body>
  <div class='ocr_page' id='page_1' title='image "./corpusscriptoru67theogoog/corpusscriptoru67theogoog_0169.png"; bbox 0 0 3125 4900; ppageno 0'>
   <div class='ocr_carea' id='block_1_1' title="bbox 483 256 1218 362">
    <p class='ocr_par' dir='ltr' id='par_1_1' title="bbox 483 256 1218 362">
     <span class='ocr_line' id='line_1_1' title="bbox 483 256 1218 362; baseline -0.018 -5"><span class='ocrx_word' id='word_1_1' title='bbox 483 286 766 359; x_wconf 83' lang='lat' dir='ltr'><strong>nrsroumnuu</strong></span> <span class='ocrx_word' id='word_1_2' title='bbox 797 291 852 355; x_wconf 90' lang='lat' dir='ltr'><strong>m.</strong></span> <span class='ocrx_word' id='word_1_3' title='bbox 872 292 925 362; x_wconf 81' lang='grc' dir='ltr'><strong>ιε.</strong></span> <span class='ocrx_word' id='word_1_4' title='bbox 1141 256 1218 346; x_wconf 81' lang='grc' dir='ltr'><strong><em>ι55</em></strong></span> 
     </span>
    </p>
   </div>
   <div class='ocr_carea' id='block_1_2' title="bbox 109 434 1376 2717">
    <p class='ocr_par' dir='ltr' id='par_1_2' title="bbox 109 434 1376 2717">
     <span class='ocr_line' id='line_1_2' title="bbox 150 434 1376 535; baseline -0.007 -21"><span class='ocrx_word' id='word_1_5' title='bbox 150 450 206 517; x_wconf 77' lang='grc' dir='ltr'><strong>καί</strong></span> <span class='ocrx_word' id='word_1_6' title='bbox 232 445 332 525; x_wconf 66' lang='lat' dir='ltr'><strong>udaie</strong></span> <span class='ocrx_word' id='word_1_7' title='bbox 360 434 437 535; x_wconf 73' lang='grc' dir='ltr'><strong><em>ᾤετο</em></strong></span> <span class='ocrx_word' id='word_1_8' title='bbox 462 442 612 529; x_wconf 87' lang='grc' dir='ltr'><strong><em>βασιλεύς</em></strong></span> <span class='ocrx_word' id='word_1_9' title='bbox 644 448 731 533; x_wconf 79' lang='grc' dir='ltr'><strong><em>καινῇ</em></strong></span> <span class='ocrx_word' id='word_1_10' title='bbox 758 448 946 523; x_wconf 73' lang='grc' dir='ltr'><strong><em>λυσιτελελν,</em></strong></span> <span class='ocrx_word' id='word_1_11' title='bbox 981 443 1036 507; x_wconf 83' lang='lat' dir='ltr'><strong>soi</strong></span> <span class='ocrx_word' id='word_1_12' title='bbox 1061 438 1181 525; x_wconf 84' lang='grc' dir='ltr'><strong><em>περιούν</em></strong></span> <span class='ocrx_word' id='word_1_13' title='bbox 1198 446 1376 519; x_wconf 63' lang='lat' dir='ltr'><strong>arteriis</strong></span> 
     </span>
     <span class='ocr_line' id='line_1_3' title="bbox 149 536 1235 631; baseline -0.006 -20"><span class='ocrx_word' id='word_1_14' title='bbox 149 542 307 631; x_wconf 80' lang='grc' dir='ltr'><strong><em>η’νάγκαζε</em></strong></span> <span class='ocrx_word' id='word_1_15' title='bbox 342 552 443 609; x_wconf 82' lang='grc' dir='ltr'><em>ποιεῖν</em></span> <span class='ocrx_word' id='word_1_16' title='bbox 470 544 525 609; x_wconf 82' lang='grc' dir='ltr'>καί</span> <span class='ocrx_word' id='word_1_17' title='bbox 560 542 766 629; x_wconf 67' lang='grc' dir='ltr'><em>ἀποθνήσκων</em></span> <span class='ocrx_word' id='word_1_18' title='bbox 796 537 1001 625; x_wconf 75' lang='grc' dir='ltr'><strong><em>συνεβούλευέ</em></strong></span> <span class='ocrx_word' id='word_1_19' title='bbox 1026 563 1060 606; x_wconf 89' lang='grc' dir='ltr'><strong>τε</strong></span> <span class='ocrx_word' id='word_1_20' title='bbox 1090 536 1160 621; x_wconf 82' lang='grc' dir='ltr'><strong>άμα</strong></span> <span class='ocrx_word' id='word_1_21' title='bbox 1178 537 1235 605; x_wconf 77' lang='grc' dir='ltr'><strong>καί</strong></span> 
     </span>
     <span class='ocr_line' id='line_1_4' title="bbox 151 634 1234 729; baseline -0.007 -18"><span class='ocrx_word' id='word_1_22' title='bbox 151 648 321 729; x_wconf 70' lang='grc' dir='ltr'><strong><em>ἐπέσκηπτε</em></strong></span> <span class='ocrx_word' id='word_1_23' title='bbox 335 642 515 719; x_wconf 76' lang='grc' dir='ltr'><strong><em>τελευταίας</em></strong></span> <span class='ocrx_word' id='word_1_24' title='bbox 528 637 664 719; x_wconf 84' lang='grc' dir='ltr'><strong><em>ε’ντολάς.</em></strong></span> <span class='ocrx_word' id='word_1_25' title='bbox 695 645 788 709; x_wconf 83' lang='grc' dir='ltr'><strong><em>τοῦτο</em></strong></span> <span class='ocrx_word' id='word_1_26' title='bbox 803 644 839 707; x_wconf 76' lang='grc' dir='ltr'><strong>δέ</strong></span> <span class='ocrx_word' id='word_1_27' title='bbox 852 642 938 722; x_wconf 75' lang='grc' dir='ltr'><strong><em>ἐστι,</em></strong></span> <span class='ocrx_word' id='word_1_28' title='bbox 957 634 1123 723; x_wconf 71' lang='grc' dir='ltr'><strong><em>βασιλικὴν</em></strong></span> <span class='ocrx_word' id='word_1_29' title='bbox 1136 640 1234 721; x_wconf 77' lang='grc' dir='ltr'><strong><em>ἐσθῆ·</em></strong></span> 
     </span>
     <span class='ocr_line' id='line_1_5' title="bbox 149 734 1234 826; baseline -0.01 -16"><span class='ocrx_word' id='word_1_30' title='bbox 149 770 189 811; x_wconf 86' lang='grc' dir='ltr'><strong>τα</strong></span> <span class='ocrx_word' id='word_1_31' title='bbox 210 746 247 809; x_wconf 84' lang='grc' dir='ltr'><strong>σὲ</strong></span> <span class='ocrx_word' id='word_1_32' title='bbox 269 744 396 807; x_wconf 78' lang='grc' dir='ltr'><strong><em>ἐνδῦναι</em></strong></span> <span class='ocrx_word' id='word_1_33' title='bbox 417 740 473 805; x_wconf 81' lang='grc' dir='ltr'><strong>καί</strong></span> <span class='ocrx_word' id='word_1_34' title='bbox 483 745 548 805; x_wconf 76' lang='lat' dir='ltr'><strong>sois</strong></span> <span class='ocrx_word' id='word_1_35' title='bbox 561 737 752 826; x_wconf 77' lang='grc' dir='ltr'><strong><em>πραγμάτων</em></strong></span> <span class='ocrx_word' id='word_1_36' title='bbox 769 735 988 805; x_wconf 70' lang='grc' dir='ltr'><strong><em>ἀνθάπτεσθαι</em></strong></span> <span class='ocrx_word' id='word_1_37' title='bbox 1001 734 1234 823; x_wconf 83' lang='grc' dir='ltr'><strong><em>κραταιύτερον,</em></strong></span> 
     </span>
     <span class='ocr_line' id='line_1_6' title="bbox 129 836 1236 925; baseline -0.007 -18"><span class='ocrx_word' id='word_1_38' title='bbox 129 841 195 921; x_wconf 77' lang='grc' dir='ltr'><strong>ὁάς</strong></span> <span class='ocrx_word' id='word_1_39' title='bbox 214 838 314 925; x_wconf 86' lang='grc' dir='ltr'><strong><em>μάνου</em></strong></span> <span class='ocrx_word' id='word_1_40' title='bbox 335 838 448 905; x_wconf 90' lang='grc' dir='ltr'><strong><em>τούτου</em></strong></span> <span class='ocrx_word' id='word_1_41' title='bbox 466 838 523 914; x_wconf 88' lang='grc' dir='ltr'><strong><em>τάς</em></strong></span> <span class='ocrx_word' id='word_1_42' title='bbox 544 841 805 924; x_wconf 73' lang='grc' dir='ltr'><strong><em>προσδοκωμένας</em></strong></span> <span class='ocrx_word' id='word_1_43' title='bbox 824 840 892 902; x_wconf 81' lang='grc' dir='ltr'><strong><em>οἴου</em></strong></span> <span class='ocrx_word' id='word_1_44' title='bbox 912 859 946 903; x_wconf 81' lang='grc' dir='ltr'><strong>τε</strong></span> <span class='ocrx_word' id='word_1_45' title='bbox 966 836 1116 917; x_wconf 79' lang='grc' dir='ltr'><strong><em>ἐσομένου</em></strong></span> <span class='ocrx_word' id='word_1_46' title='bbox 1137 859 1236 899; x_wconf 75' lang='grc' dir='ltr'><strong><em>κατα·</em></strong></span> 
     </span>
     <span class='ocr_line' id='line_1_7' title="bbox 151 930 1235 1025; baseline -0.008 -19"><span class='ocrx_word' id='word_1_47' title='bbox 151 940 267 1006; x_wconf 87' lang='grc' dir='ltr'><strong><em>παύειν</em></strong></span> <span class='ocrx_word' id='word_1_48' title='bbox 287 938 467 1025; x_wconf 81' lang='grc' dir='ltr'><strong><em>συμφοράς.</em></strong></span> <span class='ocrx_word' id='word_1_49' title='bbox 489 934 526 1003; x_wconf 88' lang='grc' dir='ltr'><strong>ού</strong></span> <span class='ocrx_word' id='word_1_50' title='bbox 549 934 645 1020; x_wconf 87' lang='grc' dir='ltr'><strong><em>μόνον</em></strong></span> <span class='ocrx_word' id='word_1_51' title='bbox 663 936 724 1025; x_wconf 88' lang='grc' dir='ltr'><strong><em>γάρ</em></strong></span> <span class='ocrx_word' id='word_1_52' title='bbox 747 938 858 1024; x_wconf 79' lang='grc' dir='ltr'><strong><em>ἡμεῖς,</em></strong></span> <span class='ocrx_word' id='word_1_53' title='bbox 879 930 947 1002; x_wconf 75' lang='grc' dir='ltr'><strong><em>ὅσοι</em></strong></span> <span class='ocrx_word' id='word_1_54' title='bbox 967 932 1126 1022; x_wconf 86' lang='grc' dir='ltr'><strong><em>πάρεσμεν</em></strong></span> <span class='ocrx_word' id='word_1_55' title='bbox 1145 931 1235 1015; x_wconf 81' lang='grc' dir='ltr'><strong><em>νυνί,</em></strong></span> 
     </span>
     <span class='ocr_line' id='line_1_8' title="bbox 152 1029 1235 1125; baseline -0.007 -21"><span class='ocrx_word' id='word_1_56' title='bbox 152 1038 233 1106; x_wconf 78' lang='grc' dir='ltr'><strong><em>ἄλλά</em></strong></span> <span class='ocrx_word' id='word_1_57' title='bbox 254 1038 311 1104; x_wconf 80' lang='grc' dir='ltr'><strong>καί</strong></span> <span class='ocrx_word' id='word_1_58' title='bbox 329 1036 363 1103; x_wconf 82' lang='grc' dir='ltr'><strong>εἴ</strong></span> <span class='ocrx_word' id='word_1_59' title='bbox 384 1063 432 1114; x_wconf 85' lang='grc' dir='ltr'><strong>τις</strong></span> <span class='ocrx_word' id='word_1_60' title='bbox 463 1029 579 1103; x_wconf 82' lang='grc' dir='ltr'><strong><em>άλλοθί</em></strong></span> <span class='ocrx_word' id='word_1_61' title='bbox 595 1062 654 1103; x_wconf 89' lang='grc' dir='ltr'><strong>που</strong></span> <span class='ocrx_word' id='word_1_62' title='bbox 676 1041 737 1104; x_wconf 70' lang='lat' dir='ltr'><strong>vois</strong></span> <span class='ocrx_word' id='word_1_63' title='bbox 757 1034 929 1125; x_wconf 83' lang='grc' dir='ltr'><strong><em>περιδύξων</em></strong></span> <span class='ocrx_word' id='word_1_64' title='bbox 951 1032 1007 1101; x_wconf 83' lang='grc' dir='ltr'><strong>καί</strong></span> <span class='ocrx_word' id='word_1_65' title='bbox 1026 1030 1149 1118; x_wconf 87' lang='grc' dir='ltr'><strong><em>μεγάλα</em></strong></span> <span class='ocrx_word' id='word_1_66' title='bbox 1178 1035 1235 1097; x_wconf 82' lang='grc' dir='ltr'><strong>δυ-</strong></span> 
     </span>
     <span class='ocr_line' id='line_1_9' title="bbox 151 1132 1234 1223; baseline -0.006 -20"><span class='ocrx_word' id='word_1_67' title='bbox 151 1142 293 1219; x_wconf 75' lang='grc' dir='ltr'><strong><em>ναμένων</em></strong></span> <span class='ocrx_word' id='word_1_68' title='bbox 314 1140 486 1223; x_wconf 86' lang='grc' dir='ltr'><strong><em>διατριβει,</em></strong></span> <span class='ocrx_word' id='word_1_69' title='bbox 514 1136 552 1201; x_wconf 88' lang='grc' dir='ltr'><strong>ού</strong></span> <span class='ocrx_word' id='word_1_70' title='bbox 573 1132 669 1219; x_wconf 89' lang='grc' dir='ltr'><strong><em>μόνον</em></strong></span> <span class='ocrx_word' id='word_1_71' title='bbox 690 1140 748 1202; x_wconf 77' lang='lat' dir='ltr'><strong>oris</strong></span> <span class='ocrx_word' id='word_1_72' title='bbox 768 1137 823 1202; x_wconf 77' lang='grc' dir='ltr'><strong>ἐπὶ</strong></span> <span class='ocrx_word' id='word_1_73' title='bbox 840 1146 905 1213; x_wconf 83' lang='grc' dir='ltr'><strong><em>τοῖς</em></strong></span> <span class='ocrx_word' id='word_1_74' title='bbox 922 1136 1094 1218; x_wconf 76' lang='grc' dir='ltr'><strong><em>γινομένοις</em></strong></span> <span class='ocrx_word' id='word_1_75' title='bbox 1115 1132 1234 1216; x_wconf 81' lang='grc' dir='ltr'><strong><em>δγανα-</em></strong></span> 
     </span>
     <span class='ocr_line' id='line_1_10' title="bbox 153 1226 1325 1323; baseline -0.006 -21"><span class='ocrx_word' id='word_1_76' title='bbox 153 1232 277 1319; x_wconf 79' lang='grc' dir='ltr'><strong><em>κτήσει,</em></strong></span> <span class='ocrx_word' id='word_1_77' title='bbox 299 1234 381 1301; x_wconf 76' lang='grc' dir='ltr'><strong><em>ἄλλά</em></strong></span> <span class='ocrx_word' id='word_1_78' title='bbox 402 1236 458 1301; x_wconf 84' lang='grc' dir='ltr'><strong>καί</strong></span> <span class='ocrx_word' id='word_1_79' title='bbox 477 1232 586 1322; x_wconf 76' lang='grc' dir='ltr'><strong><em>ἑορτῆς</em></strong></span> <span class='ocrx_word' id='word_1_80' title='bbox 614 1233 737 1323; x_wconf 75' lang='grc' dir='ltr'><strong><em>ἡμέραν</em></strong></span> <span class='ocrx_word' id='word_1_81' title='bbox 757 1238 893 1321; x_wconf 78' lang='grc' dir='ltr'><strong><em>ἐκείνην,</em></strong></span> <span class='ocrx_word' id='word_1_82' title='bbox 921 1226 998 1323; x_wconf 75' lang='grc' dir='ltr'><strong>ε’νῇ</strong></span> <span class='ocrx_word' id='word_1_83' title='bbox 1020 1232 1079 1310; x_wconf 88' lang='grc' dir='ltr'><strong><em>τάς</em></strong></span> <span class='ocrx_word' id='word_1_84' title='bbox 1099 1231 1325 1320; x_wconf 58' lang='lat' dir='ltr'><strong>&amp;prpuli-wo</strong></span> 
     </span>
     <span class='ocr_line' id='line_1_11' title="bbox 114 1330 1234 1418; baseline -0.004 -18"><span class='ocrx_word' id='word_1_85' title='bbox 114 1358 211 1411; x_wconf 86' lang='grc' dir='ltr'><strong><em>τοους</em></strong></span> <span class='ocrx_word' id='word_1_86' title='bbox 229 1334 442 1401; x_wconf 72' lang='grc' dir='ltr'><strong><em>καταλύεσθαι</em></strong></span> <span class='ocrx_word' id='word_1_87' title='bbox 462 1336 586 1413; x_wconf 81' lang='grc' dir='ltr'><strong><em>ε’ξὲσται</em></strong></span> <span class='ocrx_word' id='word_1_88' title='bbox 606 1333 750 1418; x_wconf 82' lang='grc' dir='ltr'><strong><em>στάσεις,</em></strong></span> <span class='ocrx_word' id='word_1_89' title='bbox 782 1343 894 1416; x_wconf 81' lang='grc' dir='ltr'><strong><em>νομιεῖ.</em></strong></span> <span class='ocrx_word' id='word_1_90' title='bbox 935 1334 990 1398; x_wconf 81' lang='grc' dir='ltr'><strong>καί</strong></span> <span class='ocrx_word' id='word_1_91' title='bbox 1020 1330 1135 1407; x_wconf 84' lang='grc' dir='ltr'><strong><em>πάντες</em></strong></span> <span class='ocrx_word' id='word_1_92' title='bbox 1156 1330 1234 1396; x_wconf 81' lang='grc' dir='ltr'><strong><em>εἷνα-</em></strong></span> 
     </span>
     <span class='ocr_line' id='line_1_12' title="bbox 152 1429 1236 1520; baseline -0.002 -21"><span class='ocrx_word' id='word_1_93' title='bbox 152 1433 326 1519; x_wconf 80' lang='grc' dir='ltr'><strong><em>ιιηρύξομεν</em></strong></span> <span class='ocrx_word' id='word_1_94' title='bbox 344 1438 480 1520; x_wconf 81' lang='grc' dir='ltr'><strong><em>βασιλέα</em></strong></span> <span class='ocrx_word' id='word_1_95' title='bbox 496 1430 750 1520; x_wconf 84' lang='grc' dir='ltr'><strong><em>προθυμότατα,</em></strong></span> <span class='ocrx_word' id='word_1_96' title='bbox 780 1433 817 1499; x_wconf 88' lang='grc' dir='ltr'><strong>ού</strong></span> <span class='ocrx_word' id='word_1_97' title='bbox 840 1435 912 1499; x_wconf 84' lang='grc' dir='ltr'><strong><em>νυνί</em></strong></span> <span class='ocrx_word' id='word_1_98' title='bbox 929 1432 1048 1516; x_wconf 85' lang='grc' dir='ltr'><strong><em>μάνου,</em></strong></span> <span class='ocrx_word' id='word_1_99' title='bbox 1078 1430 1159 1497; x_wconf 73' lang='grc' dir='ltr'><strong><em>ἀλλά</em></strong></span> <span class='ocrx_word' id='word_1_100' title='bbox 1180 1429 1236 1497; x_wconf 74' lang='grc' dir='ltr'><strong>καί</strong></span> 
     </span>
     <span class='ocr_line' id='line_1_13' title="bbox 150 1526 1236 1620; baseline -0.004 -21"><span class='ocrx_word' id='word_1_101' title='bbox 150 1533 205 1599; x_wconf 89' lang='grc' dir='ltr'><strong><em>τὸν</em></strong></span> <span class='ocrx_word' id='word_1_102' title='bbox 225 1534 343 1618; x_wconf 85' lang='grc' dir='ltr'><strong><em>προτού</em></strong></span> <span class='ocrx_word' id='word_1_103' title='bbox 370 1532 469 1597; x_wconf 86' lang='grc' dir='ltr'><strong><em>πάντα</em></strong></span> <span class='ocrx_word' id='word_1_104' title='bbox 497 1532 613 1620; x_wconf 81' lang='grc' dir='ltr'><strong><em>χρόνον</em></strong></span> <span class='ocrx_word' id='word_1_105' title='bbox 640 1526 774 1618; x_wconf 81' lang='grc' dir='ltr'><strong><em>άγεσθαι</em></strong></span> <span class='ocrx_word' id='word_1_106' title='bbox 797 1534 973 1615; x_wconf 81' lang='grc' dir='ltr'><strong><em>εἰθισμένοι</em></strong></span> <span class='ocrx_word' id='word_1_107' title='bbox 989 1528 1076 1616; x_wconf 84' lang='grc' dir='ltr'><strong><em>παρά</em></strong></span> <span class='ocrx_word' id='word_1_108' title='bbox 1098 1535 1157 1595; x_wconf 85' lang='grc' dir='ltr'><strong><em>σοῦ</em></strong></span> <span class='ocrx_word' id='word_1_109' title='bbox 1180 1528 1236 1595; x_wconf 77' lang='grc' dir='ltr'><strong>καί</strong></span> 
     </span>
     <span class='ocr_line' id='line_1_14' title="bbox 150 1624 1234 1717; baseline -0.006 -20"><span class='ocrx_word' id='word_1_110' title='bbox 150 1630 249 1717; x_wconf 78' lang='grc' dir='ltr'><strong><em>τιμὴν</em></strong></span> <span class='ocrx_word' id='word_1_111' title='bbox 272 1629 328 1696; x_wconf 71' lang='grc' dir='ltr'><strong>καθ</strong></span> <span class='ocrx_word' id='word_1_112' title='bbox 345 1624 488 1713; x_wconf 84' lang='grc' dir='ltr'><strong><em>εύνοιαν,</em></strong></span> <span class='ocrx_word' id='word_1_113' title='bbox 510 1628 585 1716; x_wconf 87' lang='grc' dir='ltr'><strong><em>ύαην</em></strong></span> <span class='ocrx_word' id='word_1_114' title='bbox 605 1637 735 1713; x_wconf 79' lang='grc' dir='ltr'><strong><em>βασιλεῖ</em></strong></span> <span class='ocrx_word' id='word_1_115' title='bbox 750 1635 922 1717; x_wconf 77' lang='grc' dir='ltr'><strong><em>προσῆκεν,</em></strong></span> <span class='ocrx_word' id='word_1_116' title='bbox 942 1626 964 1716; x_wconf 74' lang='grc' dir='ltr'><em>ἢ</em></span> <span class='ocrx_word' id='word_1_117' title='bbox 984 1626 1034 1695; x_wconf 82' lang='grc' dir='ltr'><strong>δτι</strong></span> <span class='ocrx_word' id='word_1_118' title='bbox 1052 1626 1234 1716; x_wconf 77' lang='grc' dir='ltr'><strong><em>ἐγγυτάτιρ,</em></strong></span> 
     </span>
     <span class='ocr_line' id='line_1_15' title="bbox 151 1726 1236 1815; baseline -0.004 -20"><span class='ocrx_word' id='word_1_119' title='bbox 151 1728 376 1815; x_wconf 81' lang='grc' dir='ltr'><strong><em>παρεχόμενοι.</em></strong></span> <span class='ocrx_word' id='word_1_120' title='bbox 417 1734 514 1797; x_wconf 86' lang='grc' dir='ltr'><strong><em>αύτοί</em></strong></span> <span class='ocrx_word' id='word_1_121' title='bbox 538 1755 571 1797; x_wconf 85' lang='grc' dir='ltr'><strong>τε</strong></span> <span class='ocrx_word' id='word_1_122' title='bbox 591 1730 620 1796; x_wconf 82' lang='lat' dir='ltr'><strong>oi</strong></span> <span class='ocrx_word' id='word_1_123' title='bbox 643 1731 698 1797; x_wconf 85' lang='grc' dir='ltr'><strong>τὸν</strong></span> <span class='ocrx_word' id='word_1_124' title='bbox 720 1726 857 1813; x_wconf 80' lang='grc' dir='ltr'><strong><em>πόλεμον</em></strong></span> <span class='ocrx_word' id='word_1_125' title='bbox 876 1728 1087 1815; x_wconf 82' lang='grc' dir='ltr'><strong><em>κεκινηκότες,</em></strong></span> <span class='ocrx_word' id='word_1_126' title='bbox 1119 1730 1155 1793; x_wconf 76' lang='grc' dir='ltr'><strong>ἐκ</strong></span> <span class='ocrx_word' id='word_1_127' title='bbox 1175 1730 1236 1791; x_wconf 78' lang='grc' dir='ltr'><strong><em>τού</em></strong></span> 
     </span>
     <span class='ocr_line' id='line_1_16' title="bbox 113 1824 1236 1919; baseline -0.003 -26"><span class='ocrx_word' id='word_1_128' title='bbox 113 1830 294 1912; x_wconf 76' lang='grc' dir='ltr'><strong><em>ι5νομιζειν</em></strong></span> <span class='ocrx_word' id='word_1_129' title='bbox 314 1830 415 1919; x_wconf 76' lang='grc' dir='ltr'><strong><em>ῥᾷστα</em></strong></span> <span class='ocrx_word' id='word_1_130' title='bbox 434 1829 712 1917; x_wconf 70' lang='grc' dir='ltr'><strong><em>περιγενήσεσθαι,</em></strong></span> <span class='ocrx_word' id='word_1_131' title='bbox 732 1824 773 1896; x_wconf 74' lang='lat' dir='ltr'><strong>ds</strong></span> <span class='ocrx_word' id='word_1_132' title='bbox 793 1834 940 1913; x_wconf 67' lang='lat' dir='ltr'><strong>suiipsius</strong></span> <span class='ocrx_word' id='word_1_133' title='bbox 960 1834 1090 1911; x_wconf 82' lang='grc' dir='ltr'><strong><em>βασιλεῖ</em></strong></span> <span class='ocrx_word' id='word_1_134' title='bbox 1104 1848 1236 1912; x_wconf 86' lang='grc' dir='ltr'><strong><em>περιαγ-</em></strong></span> 
     </span>
     <span class='ocr_line' id='line_1_17' title="bbox 151 1922 1235 2017; baseline -0.002 -24"><span class='ocrx_word' id='word_1_135' title='bbox 151 1928 315 2015; x_wconf 89' lang='grc' dir='ltr'><strong><em>γείλωσιν,</em></strong></span> <span class='ocrx_word' id='word_1_136' title='bbox 336 1929 467 2017; x_wconf 77' lang='grc' dir='ltr'><strong><em>δρῶντες</em></strong></span> <span class='ocrx_word' id='word_1_137' title='bbox 490 1924 551 2017; x_wconf 79' lang='grc' dir='ltr'><strong>ἤδη</strong></span> <span class='ocrx_word' id='word_1_138' title='bbox 571 1930 609 1998; x_wconf 84' lang='grc' dir='ltr'><strong><em>τά</em></strong></span> <span class='ocrx_word' id='word_1_139' title='bbox 633 1928 804 2017; x_wconf 88' lang='grc' dir='ltr'><strong><em>πράγματα</em></strong></span> <span class='ocrx_word' id='word_1_140' title='bbox 817 1932 1094 2017; x_wconf 79' lang='grc' dir='ltr'><strong><em>α’ντεστραμμένα,</em></strong></span> <span class='ocrx_word' id='word_1_141' title='bbox 1117 1930 1172 1992; x_wconf 77' lang='grc' dir='ltr'><strong><em>κατ’</em></strong></span> <span class='ocrx_word' id='word_1_142' title='bbox 1188 1922 1235 2009; x_wconf 72' lang='grc' dir='ltr'><strong>μὴ</strong></span> 
     </span>
     <span class='ocr_line' id='line_1_18' title="bbox 152 2024 1238 2117; baseline -0.002 -26"><span class='ocrx_word' id='word_1_143' title='bbox 152 2040 233 2094; x_wconf 79' lang='grc' dir='ltr'><strong><em>κατα</em></strong></span> <span class='ocrx_word' id='word_1_144' title='bbox 253 2033 329 2095; x_wconf 84' lang='grc' dir='ltr'><strong><em>νοῦν</em></strong></span> <span class='ocrx_word' id='word_1_145' title='bbox 347 2032 558 2117; x_wconf 71' lang='grc' dir='ltr'><strong><em>χωρήσαντα,</em></strong></span> <span class='ocrx_word' id='word_1_146' title='bbox 579 2030 678 2098; x_wconf 88' lang='grc' dir='ltr'><strong><em>πολλά</em></strong></span> <span class='ocrx_word' id='word_1_147' title='bbox 699 2034 757 2116; x_wconf 79' lang='grc' dir='ltr'><strong><em>τῆς</em></strong></span> <span class='ocrx_word' id='word_1_148' title='bbox 774 2030 928 2115; x_wconf 74' lang='grc' dir='ltr'><strong><em>ἀβουλίας</em></strong></span> <span class='ocrx_word' id='word_1_149' title='bbox 948 2024 1057 2104; x_wconf 84' lang='grc' dir='ltr'><strong><em>αύτοῑς</em></strong></span> <span class='ocrx_word' id='word_1_150' title='bbox 1077 2048 1238 2109; x_wconf 85' lang='grc' dir='ltr'><strong><em>καταμεμ-</em></strong></span> 
     </span>
     <span class='ocr_line' id='line_1_19' title="bbox 151 2124 1239 2218; baseline -0.002 -25"><span class='ocrx_word' id='word_1_151' title='bbox 151 2126 288 2211; x_wconf 81' lang='grc' dir='ltr'><strong><em>ψάμενοι</em></strong></span> <span class='ocrx_word' id='word_1_152' title='bbox 299 2180 309 2210; x_wconf 95' lang='grc'><strong><em>,</em></strong></span> <span class='ocrx_word' id='word_1_153' title='bbox 329 2130 515 2217; x_wconf 77' lang='grc' dir='ltr'><strong><em>χωρήσουσι</em></strong></span> <span class='ocrx_word' id='word_1_154' title='bbox 533 2129 614 2218; x_wconf 82' lang='grc' dir='ltr'><strong><em>πρὸς</em></strong></span> <span class='ocrx_word' id='word_1_155' title='bbox 635 2130 691 2217; x_wconf 74' lang='grc' dir='ltr'><strong>την</strong></span> <span class='ocrx_word' id='word_1_156' title='bbox 713 2130 838 2217; x_wconf 75' lang='grc' dir='ltr'><strong><em>εἰρήνην</em></strong></span> <span class='ocrx_word' id='word_1_157' title='bbox 857 2131 1054 2213; x_wconf 75' lang='grc' dir='ltr'><strong><em>δναγναιλος,</em></strong></span> <span class='ocrx_word' id='word_1_158' title='bbox 1074 2124 1107 2191; x_wconf 85' lang='grc' dir='ltr'><strong>εἴ</strong></span> <span class='ocrx_word' id='word_1_159' title='bbox 1124 2150 1161 2210; x_wconf 93' lang='grc' dir='ltr'><strong>γε</strong></span> <span class='ocrx_word' id='word_1_160' title='bbox 1181 2127 1239 2191; x_wconf 75' lang='grc' dir='ltr'><strong>καί</strong></span> 
     </span>
     <span class='ocr_line' id='line_1_20' title="bbox 153 2222 1239 2317; baseline -0.003 -25"><span class='ocrx_word' id='word_1_161' title='bbox 153 2222 242 2312; x_wconf 76' lang='grc' dir='ltr'><strong><em>ὀλίγα</em></strong></span> <span class='ocrx_word' id='word_1_162' title='bbox 261 2232 317 2313; x_wconf 83' lang='grc' dir='ltr'><strong><em>τῆς</em></strong></span> <span class='ocrx_word' id='word_1_163' title='bbox 343 2230 406 2293; x_wconf 78' lang='grc' dir='ltr'><strong>τῶν</strong></span> <span class='ocrx_word' id='word_1_164' title='bbox 426 2224 508 2297; x_wconf 78' lang='grc' dir='ltr'><strong><em>ὅλων</em></strong></span> <span class='ocrx_word' id='word_1_165' title='bbox 535 2236 690 2317; x_wconf 89' lang='grc' dir='ltr'><strong><em>σωτηρίας</em></strong></span> <span class='ocrx_word' id='word_1_166' title='bbox 708 2234 799 2314; x_wconf 72' lang='grc' dir='ltr'><strong><em>μέλει</em></strong></span> <span class='ocrx_word' id='word_1_167' title='bbox 819 2232 876 2294; x_wconf 76' lang='grc' dir='ltr'><strong>καί</strong></span> <span class='ocrx_word' id='word_1_168' title='bbox 889 2226 936 2313; x_wconf 77' lang='grc' dir='ltr'><strong>μὴ</strong></span> <span class='ocrx_word' id='word_1_169' title='bbox 957 2225 1157 2295; x_wconf 82' lang='grc' dir='ltr'><strong><em>παντάπασιν</em></strong></span> <span class='ocrx_word' id='word_1_170' title='bbox 1182 2223 1239 2291; x_wconf 76' lang='grc' dir='ltr'><strong><em>ε’πδ</em></strong></span> 
     </span>
     <span class='ocr_line' id='line_1_21' title="bbox 109 2321 1237 2417; baseline 0 -26"><span class='ocrx_word' id='word_1_171' title='bbox 109 2325 234 2415; x_wconf 60' lang='lat' dir='ltr'><strong>sellun</strong></span> <span class='ocrx_word' id='word_1_172' title='bbox 253 2330 310 2393; x_wconf 81' lang='grc' dir='ltr'><strong>καί</strong></span> <span class='ocrx_word' id='word_1_173' title='bbox 330 2333 440 2417; x_wconf 70' lang='grc' dir='ltr'><strong><em>φθορᾷ</em></strong></span> <span class='ocrx_word' id='word_1_174' title='bbox 454 2321 552 2416; x_wconf 71' lang='grc' dir='ltr'><strong><em>’σφων</em></strong></span> <span class='ocrx_word' id='word_1_175' title='bbox 572 2355 607 2395; x_wconf 89' lang='grc' dir='ltr'><strong>τε</strong></span> <span class='ocrx_word' id='word_1_176' title='bbox 629 2331 735 2398; x_wconf 79' lang='grc' dir='ltr'><strong><em>αδταῖν</em></strong></span> <span class='ocrx_word' id='word_1_177' title='bbox 755 2330 811 2395; x_wconf 81' lang='grc' dir='ltr'><strong>καί</strong></span> <span class='ocrx_word' id='word_1_178' title='bbox 836 2333 901 2395; x_wconf 75' lang='grc' dir='ltr'><strong>τῶν</strong></span> <span class='ocrx_word' id='word_1_179' title='bbox 921 2328 1115 2413; x_wconf 88' lang='grc' dir='ltr'><strong><em>πραγμάτων</em></strong></span> <span class='ocrx_word' id='word_1_180' title='bbox 1133 2324 1237 2392; x_wconf 86' lang='grc' dir='ltr'><strong><em>πάντα</em></strong></span> 
     </span>
     <span class='ocr_line' id='line_1_22' title="bbox 150 2426 1261 2516; baseline -0.001 -23"><span class='ocrx_word' id='word_1_181' title='bbox 150 2436 251 2494; x_wconf 82' lang='grc' dir='ltr'><strong><em>ποιεῖν</em></strong></span> <span class='ocrx_word' id='word_1_182' title='bbox 270 2426 327 2495; x_wconf 83' lang='grc' dir='ltr'><strong>καί</strong></span> <span class='ocrx_word' id='word_1_183' title='bbox 345 2429 627 2516; x_wconf 77' lang='grc' dir='ltr'><strong><em>πραγματεύεσθαι</em></strong></span> <span class='ocrx_word' id='word_1_184' title='bbox 647 2430 826 2516; x_wconf 75' lang='grc' dir='ltr'><strong><em>ε’γνιδκασια</em></strong></span> <span class='ocrx_word' id='word_1_185' title='bbox 867 2428 901 2496; x_wconf 83' lang='grc' dir='ltr'><strong>εἴ</strong></span> <span class='ocrx_word' id='word_1_186' title='bbox 909 2432 1015 2496; x_wconf 89' lang='grc' dir='ltr'><strong><em>τοίνυν</em></strong></span> <span class='ocrx_word' id='word_1_187' title='bbox 1035 2426 1070 2492; x_wconf 84' lang='grc' dir='ltr'><strong><em>ι’ίκ</em></strong></span> <span class='ocrx_word' id='word_1_188' title='bbox 1088 2453 1123 2494; x_wconf 88' lang='grc' dir='ltr'><strong>τε</strong></span> <span class='ocrx_word' id='word_1_189' title='bbox 1142 2426 1261 2512; x_wconf 76' lang='grc' dir='ltr'><strong><em>ἧμῶνΒ</em></strong></span> 
     </span>
     <span class='ocr_line' id='line_1_23' title="bbox 151 2527 1339 2613; baseline 0 -22"><span class='ocrx_word' id='word_1_190' title='bbox 151 2533 214 2592; x_wconf 76' lang='grc' dir='ltr'><strong>τῶν</strong></span> <span class='ocrx_word' id='word_1_191' title='bbox 242 2551 294 2593; x_wconf 88' lang='grc' dir='ltr'><strong><em>σοι</em></strong></span> <span class='ocrx_word' id='word_1_192' title='bbox 323 2527 482 2594; x_wconf 75' lang='grc' dir='ltr'><strong><em>συνόντων</em></strong></span> <span class='ocrx_word' id='word_1_193' title='bbox 511 2533 567 2596; x_wconf 74' lang='grc' dir='ltr'><strong><em>κατ’</em></strong></span> <span class='ocrx_word' id='word_1_194' title='bbox 594 2531 701 2596; x_wconf 75' lang='grc' dir='ltr'><strong><em>αὐτῶν</em></strong></span> <span class='ocrx_word' id='word_1_195' title='bbox 726 2536 790 2598; x_wconf 74' lang='grc' dir='ltr'><strong>τῶν</strong></span> <span class='ocrx_word' id='word_1_196' title='bbox 820 2529 978 2613; x_wconf 83' lang='grc' dir='ltr'><strong><em>πολεμίων</em></strong></span> <span class='ocrx_word' id='word_1_197' title='bbox 1008 2529 1101 2594; x_wconf 83' lang='grc' dir='ltr'><strong><em>ούδδν</em></strong></span> <span class='ocrx_word' id='word_1_198' title='bbox 1129 2530 1273 2611; x_wconf 65' lang='lat' dir='ltr'><strong>troposi.</strong></span> <span class='ocrx_word' id='word_1_199' title='bbox 1286 2530 1339 2602; x_wconf 70' lang='lat' dir='ltr'><strong>ili</strong></span> 
     </span>
     <span class='ocr_line' id='line_1_24' title="bbox 152 2623 1237 2717; baseline -0.003 -26"><span class='ocrx_word' id='word_1_200' title='bbox 152 2623 365 2714; x_wconf 75' lang='grc' dir='ltr'><strong><em>ἀναφαίνεται</em></strong></span> <span class='ocrx_word' id='word_1_201' title='bbox 384 2627 539 2717; x_wconf 83' lang='grc' dir='ltr'><strong><em>σωτήριον</em></strong></span> <span class='ocrx_word' id='word_1_202' title='bbox 555 2640 621 2707; x_wconf 76' lang='grc' dir='ltr'><strong><em>τοῖς</em></strong></span> <span class='ocrx_word' id='word_1_203' title='bbox 642 2633 739 2714; x_wconf 75' lang='grc' dir='ltr'><strong><em>πᾶσι,</em></strong></span> <span class='ocrx_word' id='word_1_204' title='bbox 768 2631 908 2713; x_wconf 75' lang='grc' dir='ltr'><strong><em>βέλτιον,</em></strong></span> <span class='ocrx_word' id='word_1_205' title='bbox 930 2627 1007 2712; x_wconf 78' lang='grc' dir='ltr'><strong><em>ἡμῖν</em></strong></span> <span class='ocrx_word' id='word_1_206' title='bbox 1034 2625 1219 2708; x_wconf 83' lang='grc' dir='ltr'><strong><em>πειθόμενον</em></strong></span> <span class='ocrx_word' id='word_1_207' title='bbox 1226 2673 1237 2707; x_wconf 95' lang='grc'><strong><em>,</em></strong></span> 
     </span>
    </p>
   </div>
   <div class='ocr_carea' id='block_1_3' title="bbox 222 2795 1238 2944">
    <p class='ocr_par' dir='ltr' id='par_1_3' title="bbox 222 2795 1238 2944">
     <span class='ocr_line' id='line_1_25' title="bbox 223 2795 1238 2868; baseline -0.011 -9"><span class='ocrx_word' id='word_1_208' title='bbox 223 2815 246 2866; x_wconf 83' lang='lat'><strong>7·</strong></span> <span class='ocrx_word' id='word_1_209' title='bbox 267 2797 341 2867; x_wconf 68' lang='grc' dir='ltr'><strong><em>μέγα</em></strong></span> <span class='ocrx_word' id='word_1_210' title='bbox 361 2799 387 2850; x_wconf 82' lang='lat' dir='ltr'><strong>P.</strong></span> <span class='ocrx_word' id='word_1_211' title='bbox 482 2800 580 2860; x_wconf 69' lang='lat' dir='ltr'><strong>nota</strong></span> <span class='ocrx_word' id='word_1_212' title='bbox 599 2799 708 2859; x_wconf 64' lang='lat' dir='ltr'><strong>adm</strong></span> <span class='ocrx_word' id='word_1_213' title='bbox 809 2795 974 2864; x_wconf 64' lang='lat' dir='ltr'><strong>salsum</strong></span> <span class='ocrx_word' id='word_1_214' title='bbox 1067 2797 1106 2852; x_wconf 72' lang='lat' dir='ltr'><strong>rt</strong></span> <span class='ocrx_word' id='word_1_215' title='bbox 1122 2808 1238 2868; x_wconf 76' lang='grc' dir='ltr'><strong><em>περιγι·</em></strong></span> 
     </span>
     <span class='ocr_line' id='line_1_26' title="bbox 222 2867 451 2944; baseline -0.022 -24"><span class='ocrx_word' id='word_1_216' title='bbox 222 2871 326 2920; x_wconf 80' lang='grc' dir='ltr'><strong><em>νίσθαι</em></strong></span> <span class='ocrx_word' id='word_1_217' title='bbox 342 2867 380 2923; x_wconf 73' lang='grc' dir='ltr'><strong>Μ.</strong></span> <span class='ocrx_word' id='word_1_218' title='bbox 399 2887 451 2944; x_wconf 76' lang='lat' dir='ltr'><strong>mg.</strong></span> 
     </span>
    </p>
   </div>
   <div class='ocr_carea' id='block_1_4' title="bbox 146 3012 1257 4288">
    <p class='ocr_par' dir='ltr' id='par_1_4' title="bbox 146 3012 1257 4288">
     <span class='ocr_line' id='line_1_27' title="bbox 149 3012 1238 3076; baseline -0.002 -10"><span class='ocrx_word' id='word_1_219' title='bbox 149 3020 184 3066; x_wconf 87' lang='lat' dir='ltr'><strong>ut</strong></span> <span class='ocrx_word' id='word_1_220' title='bbox 207 3013 326 3076; x_wconf 85' lang='lat' dir='ltr'><strong>iaceres,</strong></span> <span class='ocrx_word' id='word_1_221' title='bbox 355 3012 477 3066; x_wconf 84' lang='lat' dir='ltr'><strong>instabat</strong></span> <span class='ocrx_word' id='word_1_222' title='bbox 504 3019 533 3065; x_wconf 91' lang='lat' dir='ltr'><strong>et</strong></span> <span class='ocrx_word' id='word_1_223' title='bbox 562 3014 680 3068; x_wconf 87' lang='lat' dir='ltr'><strong>moriens</strong></span> <span class='ocrx_word' id='word_1_224' title='bbox 710 3015 793 3067; x_wconf 88' lang='lat' dir='ltr'><strong>simui</strong></span> <span class='ocrx_word' id='word_1_225' title='bbox 817 3016 979 3069; x_wconf 71' lang='lat' dir='ltr'><strong>hortabatur</strong></span> <span class='ocrx_word' id='word_1_226' title='bbox 1006 3017 1087 3068; x_wconf 88' lang='lat' dir='ltr'><strong>etin</strong></span> <span class='ocrx_word' id='word_1_227' title='bbox 1110 3014 1238 3068; x_wconf 74' lang='lat' dir='ltr'>extremis</span> 
     </span>
     <span class='ocr_line' id='line_1_28' title="bbox 149 3083 1240 3154; baseline 0 -19"><span class='ocrx_word' id='word_1_228' title='bbox 149 3083 287 3136; x_wconf 81' lang='lat' dir='ltr'><strong>mandatis</strong></span> <span class='ocrx_word' id='word_1_229' title='bbox 308 3083 405 3146; x_wconf 84' lang='lat' dir='ltr'><strong>dabat,</strong></span> <span class='ocrx_word' id='word_1_230' title='bbox 431 3084 460 3136; x_wconf 91' lang='lat' dir='ltr'><strong>id</strong></span> <span class='ocrx_word' id='word_1_231' title='bbox 484 3093 540 3146; x_wconf 86' lang='lat' dir='ltr'><strong>est,</strong></span> <span class='ocrx_word' id='word_1_232' title='bbox 564 3091 595 3136; x_wconf 91' lang='lat' dir='ltr'><strong>ut</strong></span> <span class='ocrx_word' id='word_1_233' title='bbox 619 3094 745 3137; x_wconf 82' lang='lat' dir='ltr'><strong>ornatum</strong></span> <span class='ocrx_word' id='word_1_234' title='bbox 766 3087 973 3154; x_wconf 84' lang='lat' dir='ltr'><strong>imperatorium</strong></span> <span class='ocrx_word' id='word_1_235' title='bbox 992 3086 1023 3136; x_wconf 89' lang='lat' dir='ltr'><strong>ln</strong></span> <span class='ocrx_word' id='word_1_236' title='bbox 1045 3092 1074 3137; x_wconf 84' lang='lat' dir='ltr'><strong>te</strong></span> <span class='ocrx_word' id='word_1_237' title='bbox 1096 3084 1187 3154; x_wconf 84' lang='lat' dir='ltr'><strong>capias</strong></span> <span class='ocrx_word' id='word_1_238' title='bbox 1210 3090 1240 3135; x_wconf 84' lang='lat' dir='ltr'><strong>et</strong></span> 
     </span>
     <span class='ocr_line' id='line_1_29' title="bbox 150 3155 1257 3225; baseline -0.002 -17"><span class='ocrx_word' id='word_1_239' title='bbox 150 3157 294 3208; x_wconf 78' lang='lat' dir='ltr'><strong>adrerum</strong></span> <span class='ocrx_word' id='word_1_240' title='bbox 313 3155 499 3206; x_wconf 74' lang='lat' dir='ltr'><strong>moderamina</strong></span> <span class='ocrx_word' id='word_1_241' title='bbox 524 3157 674 3224; x_wconf 90' lang='lat' dir='ltr'><strong>impensius</strong></span> <span class='ocrx_word' id='word_1_242' title='bbox 700 3155 858 3208; x_wconf 76' lang='lat' dir='ltr'><strong>incumbas:</strong></span> <span class='ocrx_word' id='word_1_243' title='bbox 885 3157 915 3207; x_wconf 91' lang='lat' dir='ltr'><strong>in</strong></span> <span class='ocrx_word' id='word_1_244' title='bbox 935 3173 990 3225; x_wconf 91' lang='lat' dir='ltr'><strong>quo</strong></span> <span class='ocrx_word' id='word_1_245' title='bbox 1018 3155 1077 3207; x_wconf 91' lang='lat' dir='ltr'><strong>solo</strong></span> <span class='ocrx_word' id='word_1_246' title='bbox 1103 3155 1257 3208; x_wconf 68' lang='lat' dir='ltr'><strong>matorum</strong></span> 
     </span>
     <span class='ocr_line' id='line_1_30' title="bbox 149 3222 1240 3296; baseline -0.005 -19"><span class='ocrx_word' id='word_1_247' title='bbox 149 3229 202 3278; x_wconf 89' lang='lat' dir='ltr'><strong>sits</strong></span> <span class='ocrx_word' id='word_1_248' title='bbox 222 3233 264 3277; x_wconf 87' lang='lat' dir='ltr'><strong>est</strong></span> <span class='ocrx_word' id='word_1_249' title='bbox 283 3223 417 3292; x_wconf 75' lang='lat' dir='ltr'>depulsio.</span> <span class='ocrx_word' id='word_1_250' title='bbox 455 3224 566 3294; x_wconf 83' lang='lat' dir='ltr'><strong>Quippe</strong></span> <span class='ocrx_word' id='word_1_251' title='bbox 595 3243 651 3278; x_wconf 87' lang='lat' dir='ltr'><strong>non</strong></span> <span class='ocrx_word' id='word_1_252' title='bbox 675 3225 774 3290; x_wconf 89' lang='lat' dir='ltr'><strong>modo,</strong></span> <span class='ocrx_word' id='word_1_253' title='bbox 798 3228 847 3296; x_wconf 88' lang='lat' dir='ltr'><strong>qui</strong></span> <span class='ocrx_word' id='word_1_254' title='bbox 865 3243 954 3279; x_wconf 87' lang='lat' dir='ltr'><strong>eoram</strong></span> <span class='ocrx_word' id='word_1_255' title='bbox 973 3225 1116 3288; x_wconf 84' lang='lat' dir='ltr'><strong>adsumus,</strong></span> <span class='ocrx_word' id='word_1_256' title='bbox 1143 3222 1240 3276; x_wconf 90' lang='lat' dir='ltr'><strong>sedet</strong></span> 
     </span>
     <span class='ocr_line' id='line_1_31' title="bbox 150 3294 1239 3366; baseline 0 -20"><span class='ocrx_word' id='word_1_257' title='bbox 150 3295 219 3347; x_wconf 89' lang='lat' dir='ltr'><strong>alibi</strong></span> <span class='ocrx_word' id='word_1_258' title='bbox 240 3296 368 3364; x_wconf 75' lang='lat' dir='ltr'><strong>degentes</strong></span> <span class='ocrx_word' id='word_1_259' title='bbox 393 3294 445 3348; x_wconf 82' lang='lat' dir='ltr'><strong>viri</strong></span> <span class='ocrx_word' id='word_1_260' title='bbox 470 3295 591 3346; x_wconf 82' lang='lat' dir='ltr'><strong>illustres</strong></span> <span class='ocrx_word' id='word_1_261' title='bbox 616 3312 646 3347; x_wconf 86' lang='lat' dir='ltr'><strong>uc</strong></span> <span class='ocrx_word' id='word_1_262' title='bbox 664 3305 791 3366; x_wconf 87' lang='lat' dir='ltr'><strong>potentes</strong></span> <span class='ocrx_word' id='word_1_263' title='bbox 811 3313 897 3366; x_wconf 88' lang='lat' dir='ltr'><strong>usque</strong></span> <span class='ocrx_word' id='word_1_264' title='bbox 922 3297 992 3348; x_wconf 87' lang='lat' dir='ltr'><strong>adeo</strong></span> <span class='ocrx_word' id='word_1_265' title='bbox 1014 3295 1067 3346; x_wconf 93' lang='lat' dir='ltr'><strong>hoc</strong></span> <span class='ocrx_word' id='word_1_266' title='bbox 1084 3296 1157 3347; x_wconf 83' lang='lat' dir='ltr'><strong>iacto</strong></span> <span class='ocrx_word' id='word_1_267' title='bbox 1181 3311 1239 3346; x_wconf 91' lang='lat' dir='ltr'><strong>non</strong></span> 
     </span>
     <span class='ocr_line' id='line_1_32' title="bbox 149 3365 1239 3438; baseline 0 -22"><span class='ocrx_word' id='word_1_268' title='bbox 149 3365 384 3433; x_wconf 80' lang='lat' dir='ltr'><strong>indignabuntur,</strong></span> <span class='ocrx_word' id='word_1_269' title='bbox 408 3370 440 3416; x_wconf 90' lang='lat' dir='ltr'><strong>ut</strong></span> <span class='ocrx_word' id='word_1_270' title='bbox 457 3367 540 3416; x_wconf 84' lang='lat' dir='ltr'><strong>otium</strong></span> <span class='ocrx_word' id='word_1_271' title='bbox 558 3366 631 3418; x_wconf 89' lang='lat' dir='ltr'><strong>diem</strong></span> <span class='ocrx_word' id='word_1_272' title='bbox 652 3366 744 3430; x_wconf 87' lang='lat' dir='ltr'><strong>illum,</strong></span> <span class='ocrx_word' id='word_1_273' title='bbox 768 3383 825 3438; x_wconf 93' lang='lat' dir='ltr'><strong>quo</strong></span> <span class='ocrx_word' id='word_1_274' title='bbox 849 3366 944 3418; x_wconf 85' lang='lat' dir='ltr'><strong>civiles</strong></span> <span class='ocrx_word' id='word_1_275' title='bbox 969 3366 1119 3418; x_wconf 78' lang='lat' dir='ltr'><strong>discordias</strong></span> <span class='ocrx_word' id='word_1_276' title='bbox 1144 3380 1239 3418; x_wconf 84' lang='lat' dir='ltr'><strong>sanare</strong></span> 
     </span>
     <span class='ocr_line' id='line_1_33' title="bbox 148 3435 1238 3506; baseline -0.002 -18"><span class='ocrx_word' id='word_1_277' title='bbox 148 3437 264 3497; x_wconf 75' lang='lat' dir='ltr'><strong>licebit,</strong></span> <span class='ocrx_word' id='word_1_278' title='bbox 282 3435 383 3486; x_wconf 82' lang='lat' dir='ltr'><strong>festum</strong></span> <span class='ocrx_word' id='word_1_279' title='bbox 402 3437 571 3487; x_wconf 76' lang='lat' dir='ltr'><strong>numeraturi</strong></span> <span class='ocrx_word' id='word_1_280' title='bbox 590 3437 661 3488; x_wconf 88' lang='lat' dir='ltr'><strong>sint:</strong></span> <span class='ocrx_word' id='word_1_281' title='bbox 683 3453 775 3488; x_wconf 88' lang='lat' dir='ltr'><strong>omnes</strong></span> <span class='ocrx_word' id='word_1_282' title='bbox 799 3453 833 3488; x_wconf 90' lang='lat' dir='ltr'><strong>ue</strong></span> <span class='ocrx_word' id='word_1_283' title='bbox 851 3436 1025 3506; x_wconf 82' lang='lat' dir='ltr'><strong>cupidissime</strong></span> <span class='ocrx_word' id='word_1_284' title='bbox 1043 3444 1071 3488; x_wconf 88' lang='lat' dir='ltr'><strong>tc</strong></span> <span class='ocrx_word' id='word_1_285' title='bbox 1087 3439 1238 3506; x_wconf 83' lang='lat' dir='ltr'><strong>imperoto-</strong></span> 
     </span>
     <span class='ocr_line' id='line_1_34' title="bbox 149 3454 1240 3576; baseline 0.001 -18"><span class='ocrx_word' id='word_1_286' title='bbox 149 3523 206 3558; x_wconf 86' lang='lat' dir='ltr'><strong>rem</strong></span> <span class='ocrx_word' id='word_1_287' title='bbox 224 3505 420 3568; x_wconf 79' lang='lat' dir='ltr'><strong>salutabimus,</strong></span> <span class='ocrx_word' id='word_1_288' title='bbox 437 3505 515 3556; x_wconf 88' lang='lat' dir='ltr'><strong>cuins</strong></span> <span class='ocrx_word' id='word_1_289' title='bbox 532 3505 647 3574; x_wconf 87' lang='lat' dir='ltr'><strong>imperio</strong></span> <span class='ocrx_word' id='word_1_290' title='bbox 666 3524 721 3560; x_wconf 91' lang='lat' dir='ltr'><strong>non</strong></span> <span class='ocrx_word' id='word_1_291' title='bbox 739 3454 834 3570; x_wconf 77' lang='lat' dir='ltr'><strong>laodic,</strong></span> <span class='ocrx_word' id='word_1_292' title='bbox 853 3509 901 3562; x_wconf 87' lang='lat' dir='ltr'><strong>sed</strong></span> <span class='ocrx_word' id='word_1_293' title='bbox 919 3508 1036 3560; x_wconf 83' lang='lat' dir='ltr'><strong>antehac</strong></span> <span class='ocrx_word' id='word_1_294' title='bbox 1056 3524 1163 3576; x_wconf 83' lang='lat' dir='ltr'><strong>semper</strong></span> <span class='ocrx_word' id='word_1_295' title='bbox 1180 3506 1240 3574; x_wconf 74' lang='lat' dir='ltr'><strong>regi</strong></span> 
     </span>
     <span class='ocr_line' id='line_1_35' title="bbox 148 3577 1239 3650; baseline 0.002 -22"><span class='ocrx_word' id='word_1_296' title='bbox 148 3577 355 3640; x_wconf 83' lang='lat' dir='ltr'><strong>consuevimus,</strong></span> <span class='ocrx_word' id='word_1_297' title='bbox 390 3582 419 3628; x_wconf 90' lang='lat' dir='ltr'><strong>et</strong></span> <span class='ocrx_word' id='word_1_298' title='bbox 444 3577 578 3628; x_wconf 88' lang='lat' dir='ltr'><strong>honorem</strong></span> <span class='ocrx_word' id='word_1_299' title='bbox 608 3577 900 3650; x_wconf 77' lang='lat' dir='ltr'><strong>benevolentiamque,</strong></span> <span class='ocrx_word' id='word_1_300' title='bbox 924 3588 1055 3650; x_wconf 82' lang='lat' dir='ltr'><strong>quantam</strong></span> <span class='ocrx_word' id='word_1_301' title='bbox 1078 3577 1239 3648; x_wconf 89' lang='lat' dir='ltr'><strong>imperatori</strong></span> 
     </span>
     <span class='ocr_line' id='line_1_36' title="bbox 149 3645 1239 3720; baseline 0.004 -23"><span class='ocrx_word' id='word_1_302' title='bbox 149 3645 300 3711; x_wconf 87' lang='lat' dir='ltr'><strong>debemus,</strong></span> <span class='ocrx_word' id='word_1_303' title='bbox 317 3654 365 3698; x_wconf 87' lang='lat' dir='ltr'><strong>ant</strong></span> <span class='ocrx_word' id='word_1_304' title='bbox 383 3647 409 3698; x_wconf 85' lang='lat' dir='ltr'><strong>ei</strong></span> <span class='ocrx_word' id='word_1_305' title='bbox 429 3647 597 3714; x_wconf 77' lang='lat' dir='ltr'><strong>proximam,</strong></span> <span class='ocrx_word' id='word_1_306' title='bbox 615 3646 668 3700; x_wconf 89' lang='lat' dir='ltr'><strong>tibi</strong></span> <span class='ocrx_word' id='word_1_307' title='bbox 687 3649 853 3700; x_wconf 85' lang='lat' dir='ltr'><strong>tribuemus:</strong></span> <span class='ocrx_word' id='word_1_308' title='bbox 883 3651 993 3720; x_wconf 89' lang='lat' dir='ltr'><strong>ipsique</strong></span> <span class='ocrx_word' id='word_1_309' title='bbox 1010 3649 1079 3700; x_wconf 87' lang='lat' dir='ltr'><strong>belli</strong></span> <span class='ocrx_word' id='word_1_310' title='bbox 1099 3655 1239 3710; x_wconf 87' lang='lat' dir='ltr'><strong>auctores,</strong></span> 
     </span>
     <span class='ocr_line' id='line_1_37' title="bbox 148 3715 1240 3790; baseline 0 -22"><span class='ocrx_word' id='word_1_311' title='bbox 148 3733 209 3768; x_wconf 89' lang='lat' dir='ltr'><strong>eum</strong></span> <span class='ocrx_word' id='word_1_312' title='bbox 227 3734 257 3769; x_wconf 92' lang='lat' dir='ltr'><strong>se</strong></span> <span class='ocrx_word' id='word_1_313' title='bbox 275 3716 353 3770; x_wconf 85' lang='lat' dir='ltr'><strong>nullo</strong></span> <span class='ocrx_word' id='word_1_314' title='bbox 373 3715 484 3786; x_wconf 86' lang='lat' dir='ltr'><strong>negotio</strong></span> <span class='ocrx_word' id='word_1_315' title='bbox 508 3719 662 3786; x_wconf 87' lang='lat' dir='ltr'><strong>superiores</strong></span> <span class='ocrx_word' id='word_1_316' title='bbox 685 3717 743 3774; x_wconf 84' lang='lat' dir='ltr'><strong>iore</strong></span> <span class='ocrx_word' id='word_1_317' title='bbox 762 3718 948 3782; x_wconf 87' lang='lat' dir='ltr'><strong>confiderent,</strong></span> <span class='ocrx_word' id='word_1_318' title='bbox 976 3721 1045 3772; x_wconf 90' lang='lat' dir='ltr'><strong>site</strong></span> <span class='ocrx_word' id='word_1_319' title='bbox 1070 3717 1240 3790; x_wconf 75' lang='lat' dir='ltr'><strong>imperatrici</strong></span> 
     </span>
     <span class='ocr_line' id='line_1_38' title="bbox 147 3783 1239 3860; baseline 0.005 -21"><span class='ocrx_word' id='word_1_320' title='bbox 147 3783 254 3842; x_wconf 83' lang='lat' dir='ltr'><strong>lrostenr</strong></span> <span class='ocrx_word' id='word_1_321' title='bbox 283 3789 385 3841; x_wconf 82' lang='lat' dir='ltr'><strong>iactum</strong></span> <span class='ocrx_word' id='word_1_322' title='bbox 415 3803 553 3841; x_wconf 86' lang='lat' dir='ltr'><strong>rumorem</strong></span> <span class='ocrx_word' id='word_1_323' title='bbox 576 3789 788 3858; x_wconf 82' lang='lat' dir='ltr'><strong>circumquaque</strong></span> <span class='ocrx_word' id='word_1_324' title='bbox 813 3795 988 3860; x_wconf 82' lang='lat' dir='ltr'><strong>spargerent,</strong></span> <span class='ocrx_word' id='word_1_325' title='bbox 1017 3790 1068 3842; x_wconf 91' lang='lat' dir='ltr'><strong>ubi</strong></span> <span class='ocrx_word' id='word_1_326' title='bbox 1096 3805 1139 3843; x_wconf 90' lang='lat' dir='ltr'><strong>res</strong></span> <span class='ocrx_word' id='word_1_327' title='bbox 1165 3797 1239 3844; x_wconf 85' lang='lat' dir='ltr'><strong>retro</strong></span> 
     </span>
     <span class='ocr_line' id='line_1_39' title="bbox 148 3856 1241 3925; baseline 0.003 -15"><span class='ocrx_word' id='word_1_328' title='bbox 148 3873 291 3912; x_wconf 80' lang='lat' dir='ltr'><strong>eonversss</strong></span> <span class='ocrx_word' id='word_1_329' title='bbox 311 3867 339 3910; x_wconf 91' lang='lat' dir='ltr'><strong>et</strong></span> <span class='ocrx_word' id='word_1_330' title='bbox 360 3856 486 3910; x_wconf 83' lang='lat' dir='ltr'><strong>adversus</strong></span> <span class='ocrx_word' id='word_1_331' title='bbox 505 3857 589 3910; x_wconf 85' lang='lat' dir='ltr'><strong>animi</strong></span> <span class='ocrx_word' id='word_1_332' title='bbox 609 3861 772 3911; x_wconf 84' lang='lat' dir='ltr'><strong>sententiam</strong></span> <span class='ocrx_word' id='word_1_333' title='bbox 793 3862 917 3913; x_wconf 85' lang='lat' dir='ltr'><strong>evenisse</strong></span> <span class='ocrx_word' id='word_1_334' title='bbox 935 3859 1073 3925; x_wconf 83' lang='lat' dir='ltr'><strong>viderint,</strong></span> <span class='ocrx_word' id='word_1_335' title='bbox 1098 3861 1241 3914; x_wconf 85' lang='lat' dir='ltr'><strong>levitatem</strong></span> 
     </span>
     <span class='ocr_line' id='line_1_40' title="bbox 147 3929 1241 3998; baseline 0.003 -19"><span class='ocrx_word' id='word_1_336' title='bbox 147 3929 199 3996; x_wconf 90' lang='lat' dir='ltr'><strong>ipsi</strong></span> <span class='ocrx_word' id='word_1_337' title='bbox 221 3946 296 3981; x_wconf 87' lang='lat' dir='ltr'><strong>suam</strong></span> <span class='ocrx_word' id='word_1_338' title='bbox 316 3937 493 3988; x_wconf 85' lang='lat' dir='ltr'><strong>accusantes,</strong></span> <span class='ocrx_word' id='word_1_339' title='bbox 521 3929 608 3982; x_wconf 83' lang='lat' dir='ltr'><strong>velint</strong></span> <span class='ocrx_word' id='word_1_340' title='bbox 625 3929 717 3982; x_wconf 85' lang='lat' dir='ltr'><strong>nolint</strong></span> <span class='ocrx_word' id='word_1_341' title='bbox 733 3929 767 3982; x_wconf 83' lang='lat' dir='ltr'><strong>ad</strong></span> <span class='ocrx_word' id='word_1_342' title='bbox 786 3947 880 3998; x_wconf 79' lang='lat' dir='ltr'><strong>pacem</strong></span> <span class='ocrx_word' id='word_1_343' title='bbox 900 3930 1093 3993; x_wconf 84' lang='lat' dir='ltr'><strong>inclinabunt,</strong></span> <span class='ocrx_word' id='word_1_344' title='bbox 1117 3931 1154 3991; x_wconf 66' lang='lat' dir='ltr'><strong>si,</strong></span> <span class='ocrx_word' id='word_1_345' title='bbox 1166 3947 1241 3984; x_wconf 89' lang='lat' dir='ltr'><strong>corn-</strong></span> 
     </span>
     <span class='ocr_line' id='line_1_41' title="bbox 146 3999 1242 4070; baseline 0.002 -20"><span class='ocrx_word' id='word_1_346' title='bbox 146 4001 237 4053; x_wconf 81' lang='lat' dir='ltr'><strong>munis</strong></span> <span class='ocrx_word' id='word_1_347' title='bbox 261 4000 362 4052; x_wconf 82' lang='lat' dir='ltr'><strong>salutis</strong></span> <span class='ocrx_word' id='word_1_348' title='bbox 389 3999 433 4050; x_wconf 86' lang='lat' dir='ltr'><strong>vel</strong></span> <span class='ocrx_word' id='word_1_349' title='bbox 463 4000 572 4051; x_wconf 83' lang='lat' dir='ltr'><strong>tantilla</strong></span> <span class='ocrx_word' id='word_1_350' title='bbox 596 4017 660 4054; x_wconf 85' lang='lat' dir='ltr'><strong>cura</strong></span> <span class='ocrx_word' id='word_1_351' title='bbox 684 4008 851 4070; x_wconf 79' lang='lat' dir='ltr'><strong>iungantur,</strong></span> <span class='ocrx_word' id='word_1_352' title='bbox 880 4017 931 4055; x_wconf 87' lang='lat' dir='ltr'><strong>nec</strong></span> <span class='ocrx_word' id='word_1_353' title='bbox 955 4003 989 4054; x_wconf 86' lang='lat' dir='ltr'><strong>sd</strong></span> <span class='ocrx_word' id='word_1_354' title='bbox 1016 4019 1094 4053; x_wconf 88' lang='lat' dir='ltr'><strong>suum</strong></span> <span class='ocrx_word' id='word_1_355' title='bbox 1119 4002 1242 4068; x_wconf 89' lang='lat' dir='ltr'><strong>ipsorum</strong></span> 
     </span>
     <span class='ocr_line' id='line_1_42' title="bbox 147 4069 1239 4141; baseline 0.003 -22"><span class='ocrx_word' id='word_1_356' title='bbox 147 4069 321 4141; x_wconf 83' lang='lat' dir='ltr'><strong>aliorumque</strong></span> <span class='ocrx_word' id='word_1_357' title='bbox 345 4072 470 4122; x_wconf 87' lang='lat' dir='ltr'><strong>omnium</strong></span> <span class='ocrx_word' id='word_1_358' title='bbox 503 4071 618 4123; x_wconf 81' lang='lat' dir='ltr'><strong>exitium</strong></span> <span class='ocrx_word' id='word_1_359' title='bbox 651 4071 741 4124; x_wconf 81' lang='lat' dir='ltr'><strong>lacere</strong></span> <span class='ocrx_word' id='word_1_360' title='bbox 766 4072 911 4124; x_wconf 79' lang='lat' dir='ltr'><strong>remoliri</strong></span> <span class='ocrx_word' id='word_1_361' title='bbox 937 4073 1029 4125; x_wconf 86' lang='lat' dir='ltr'><strong>omnia</strong></span> <span class='ocrx_word' id='word_1_362' title='bbox 1052 4071 1239 4126; x_wconf 81' lang='lat' dir='ltr'><strong>decreverunt</strong></span> 
     </span>
     <span class='ocr_line' id='line_1_43' title="bbox 148 4139 1240 4260; baseline 0.003 -71"><span class='ocrx_word' id='word_1_363' title='bbox 148 4139 243 4260; x_wconf 63' lang='grc' dir='ltr'><strong><em>(ρριετε</em></strong></span> <span class='ocrx_word' id='word_1_364' title='bbox 262 4157 322 4192; x_wconf 86' lang='lat' dir='ltr'><strong>eum</strong></span> <span class='ocrx_word' id='word_1_365' title='bbox 343 4148 371 4193; x_wconf 89' lang='lat' dir='ltr'><strong>et</strong></span> <span class='ocrx_word' id='word_1_366' title='bbox 395 4157 429 4194; x_wconf 84' lang='lat' dir='ltr'><strong>ex</strong></span> <span class='ocrx_word' id='word_1_367' title='bbox 453 4149 563 4205; x_wconf 85' lang='lat' dir='ltr'><strong>nostra,</strong></span> <span class='ocrx_word' id='word_1_368' title='bbox 587 4143 636 4211; x_wconf 90' lang='lat' dir='ltr'><strong>qui</strong></span> <span class='ocrx_word' id='word_1_369' title='bbox 664 4150 692 4194; x_wconf 85' lang='lat' dir='ltr'><strong>te</strong></span> <span class='ocrx_word' id='word_1_370' title='bbox 716 4143 874 4213; x_wconf 87' lang='lat' dir='ltr'><strong>sequimur,</strong></span> <span class='ocrx_word' id='word_1_371' title='bbox 897 4151 926 4195; x_wconf 90' lang='lat' dir='ltr'><strong>ct</strong></span> <span class='ocrx_word' id='word_1_372' title='bbox 954 4161 987 4196; x_wconf 81' lang='lat' dir='ltr'><strong>cs</strong></span> <span class='ocrx_word' id='word_1_373' title='bbox 1013 4141 1134 4196; x_wconf 90' lang='lat' dir='ltr'><strong>hostium</strong></span> <span class='ocrx_word' id='word_1_374' title='bbox 1160 4149 1240 4211; x_wconf 82' lang='lat' dir='ltr'><strong>perte</strong></span> 
     </span>
     <span class='ocr_line' id='line_1_44' title="bbox 146 4207 1241 4288; baseline 0.004 -26"><span class='ocrx_word' id='word_1_375' title='bbox 146 4207 227 4263; x_wconf 85' lang='lat' dir='ltr'><strong>a&#39;ud</strong></span> <span class='ocrx_word' id='word_1_376' title='bbox 245 4212 285 4266; x_wconf 88' lang='lat' dir='ltr'><strong>rei</strong></span> <span class='ocrx_word' id='word_1_377' title='bbox 306 4211 436 4284; x_wconf 80' lang='lat' dir='ltr'><strong>publiano</strong></span> <span class='ocrx_word' id='word_1_378' title='bbox 454 4212 573 4267; x_wconf 85' lang='lat' dir='ltr'><strong>salutare</strong></span> <span class='ocrx_word' id='word_1_379' title='bbox 591 4211 664 4271; x_wconf 84' lang='lat' dir='ltr'><strong>nibil</strong></span> <span class='ocrx_word' id='word_1_380' title='bbox 682 4221 829 4285; x_wconf 80' lang='lat' dir='ltr'><strong>appareat,</strong></span> <span class='ocrx_word' id='word_1_381' title='bbox 847 4214 961 4288; x_wconf 82' lang='lat' dir='ltr'><strong>seqsrius</strong></span> <span class='ocrx_word' id='word_1_382' title='bbox 979 4222 1038 4280; x_wconf 90' lang='lat' dir='ltr'><strong>est,</strong></span> <span class='ocrx_word' id='word_1_383' title='bbox 1061 4220 1154 4269; x_wconf 83' lang='lat' dir='ltr'><strong>nostro</strong></span> <span class='ocrx_word' id='word_1_384' title='bbox 1173 4226 1241 4266; x_wconf 85' lang='lat' dir='ltr'><strong>cou-</strong></span> 
     </span>
    </p>
   </div>
   <div class='ocr_carea' id='block_1_5' title="bbox 0 0 1575 4900">
    <p class='ocr_par' dir='ltr' id='par_1_5' title="bbox 0 0 1575 4900">
     <span class='ocr_line' id='line_1_45' title="bbox 0 0 1575 4900; baseline 0 0"><span class='ocrx_word' id='word_1_385' title='bbox 0 0 1575 4900; x_wconf 95' lang='lat' dir='ltr'><strong> </strong></span> 
     </span>
    </p>
   </div>
  </div>
 </body>
</html>
