3125 4900
204 323 214 336 ’
271 337 314 396 vl
662 333 973 400 Patnuotttrutt.

274 488 423 580 tinctis,
449 489 599 568 litterae
625 507 775 568 nostrae
808 499 1050 600 acceperant,
1087 497 1119 573 is
1142 523 1245 576 unus
1276 526 1367 577 cum

273 614 405 718 paucis
422 639 612 720 superesse
631 612 853 706 videbatur,
871 618 1039 720 quirem
1057 617 1241 695 afflictam
1256 625 1366 698 susti-

274 756 408 828 neret,
445 737 487 812 in
511 762 626 840 quem
653 732 769 814 ceteri
794 739 901 814 velut
925 741 968 814 in
991 742 1209 846 exemplum
1232 744 1367 820 severi·

273 859 350 936 oris
373 887 418 934 ac
445 887 599 964 prorsus
634 862 818 966 antiquae
840 862 1070 971 eruditiopis
1100 865 1366 960 intuerentur,

274 985 317 1059 in
343 1012 437 1088 quo,
473 1011 731 1090 quaecunque
767 987 843 1062 sive
862 985 918 1062 ad
942 987 1241 1094 amplitudinem
1266 992 1367 1068 litte-

274 1135 426 1199 rarum,
452 1111 528 1186 sive
552 1109 600 1185 ad
626 1108 833 1186 arcendam
852 1110 1080 1216 fortiterque
1104 1113 1366 1219 repellendam

272 1234 582 1339 superstitionem
606 1249 646 1308 et
669 1231 887 1308 barbariem
911 1233 1101 1326 iacerent,
1126 1262 1276 1317 summa
1306 1235 1366 1312 in·
1455 1299 1460 1306 .

276 1383 351 1432 esse
382 1356 511 1434 omnia
544 1373 741 1432 constaret.
795 1356 829 1432 Ο
865 1381 971 1461 spem
996 1357 1151 1433 inanem
1175 1359 1368 1462 fragilem-

274 1508 352 1586 que
384 1477 576 1580 humanae
608 1477 887 1582 magnitudinis
918 1479 1199 1557 conditionem!
1249 1485 1368 1558 Hune

274 1606 390 1680 talem
426 1606 573 1698 virum,
612 1605 652 1678 in
687 1627 766 1704 quo
805 1620 911 1679 tanta
946 1621 1038 1678 esset
1072 1603 1219 1708 ingenii
1244 1605 1299 1681 vis
1323 1628 1369 1680 ac

273 1726 544 1834 pulchritudO,
581 1745 709 1802 tantus
734 1726 777 1801 in
815 1727 1012 1816 omnibus,
1043 1752 1145 1830 quae
1169 1726 1366 1833 proderet,

273 1879 474 1956 generosae
498 1870 536 1926 ct
561 1851 726 1925 excelsae
750 1851 890 1924 mentis
911 1851 1036 1952 vigor,
1066 1851 1368 1956 tantaamplituss

274 1975 325 2053 do
351 1975 566 2063 doctrinae,
593 1973 792 2076 integritas
814 1972 937 2048 animi
962 1991 1002 2050 et
1024 1971 1186 2063 candor,
1213 2001 1369 2052 morum

278 2095 447 2200 denique
478 2093 660 2185 suavitas,
688 2122 766 2198 qua
792 2095 969 2172 omnium
993 2095 1208 2172 voluntates
1231 2097 1368 2172 allice·

274 2238 337 2296 ret
350 2238 390 2296 et
405 2219 446 2294 in
465 2220 647 2296 maiorem
662 2219 722 2295 sui
740 2217 1035 2297 admirationem
1054 2239 1222 2326 raperet,
1241 2220 1366 2312 hunc,

273 2343 453 2449 inquam,
479 2340 612 2418 eodem
627 2368 715 2416 mox
730 2342 809 2418 fato
835 2367 1057 2449 oppressum
1075 2367 1169 2435 esse,
1194 2363 1251 2433 et,
1277 2371 1369 2422 cum

274 2494 325 2547 ue
349 2494 498 2546 summa
523 2465 683 2569 quidem
704 2482 898 2543 senectute
913 2464 1130 2541 decessurus
1149 2466 1231 2541 sine
1249 2468 1371 2543 bono-

276 2619 367 2669 rum
392 2590 634 2695 querimonia
661 2589 810 2675 fuisset,
846 2614 1069 2693 oppressum
1086 2612 1177 2665 ‘esse
1207 2590 1250 2665 in
1286 2590 1370 2695 ipso

280 2713 449 2816 integrae
482 2713 615 2788 aetatis
646 2738 784 2802 cursu,
824 2711 1029 2789 florentem
1061 2711 1191 2787 adhuc
1223 2712 1371 2791 viribus
1455 2726 1462 2739 '

276 2836 402 2941 deque
426 2837 564 2914 litteris
586 2836 780 2941 praeclare
796 2836 971 2913 merendi
993 2835 1121 2912 studio
1139 2855 1371 2941 occupatum

276 2960 501 3037 felicissimo.
553 2962 791 3063 Quanquam
815 2960 915 3064 quid
938 2987 1006 3063 ego
1031 2979 1194 3037 mortem
1226 2984 1372 3063 queror

278 3085 547 3161 immaturam?
573 3086 709 3187 inqua
729 3082 926 3189 quidquid
948 3084 1166 3160 acerbitatis
1188 3102 1229 3159 et
1252 3086 1374 3159 iactu-

278 3232 346 3283 rae
359 3210 475 3299 inest,
494 3236 574 3285 non
592 3206 642 3283 ad
659 3208 940 3315 Niebuhrium,
953 3207 1018 3283 sed
1035 3207 1082 3281 ad
1101 3233 1171 3282 nos
1184 3208 1370 3311 pertinet,

279 3330 423 3434 quibus
447 3356 491 3405 eo
509 3358 589 3406 non
609 3329 776 3435 amplius
793 3330 873 3405 frui
892 3330 991 3404 licet.
1042 3331 1113 3405 tlte
1138 3331 1251 3415 satis,
1275 3328 1372 3404 dum

279 3456 443 3543 viveret,
470 3454 638 3531 nominis
653 3453 925 3529 existimationi
947 3455 1142 3529 consuluit
1166 3472 1205 3526 et
1228 3451 1372 3527 virtute

280 3578 410 3657 effecit
432 3604 518 3669 sua,
551 3594 703 3654 utnon
727 3605 921 3655 annorum
947 3604 1126 3667 numero,
1154 3602 1225 3649 nec
1248 3575 1373 3679 spatio

281 3702 414 3780 aetatis
437 3703 514 3779 vita
544 3702 626 3780 eius
657 3720 877 3792 censeatur,
904 3701 969 3777 sed
1000 3703 1102 3778 soma
1142 3718 1182 3777 et
1217 3700 1373 3776 merito-

282 3854 373 3903 rum
398 3824 512 3905 laude
546 3854 590 3902 ac
614 3845 720 3930 grata
745 3828 888 3933 piaque
916 3824 1121 3915 memoria,
1141 3850 1242 3928 quae
1279 3842 1372 3900 tam·

283 3951 355 4027 diu
380 3951 498 4029 infixa
531 3953 708 4031 haerebit
741 3954 784 4029 in
813 3954 951 4029 animis
981 3950 1206 4038 homiuum,
1239 3975 1374 4051 quam·

285 4074 355 4153 diu
377 4076 514 4154 litteris
539 4077 629 4182 ipsis
647 4096 685 4152 et
699 4062 829 4154 honor
844 4094 884 4153 et
905 4102 1048 4154 nomen
1073 4073 1271 4152 constabit.
1322 4076 1373 4146 At

284 4200 405 4281 sentio
445 4227 507 4281 me
543 4200 692 4307 impetu
718 4196 889 4304 quodam
921 4197 1077 4293 doloris,
1106 4198 1217 4273 cuius
1247 4210 1302 4271 est
1330 4191 1376 4269 in
