3125 4900
512 261 799 328 ursuouunuu
828 267 885 328 ιιι.
914 265 948 335 ο.
1212 235 1266 347 47

185 409 308 492 aderis,
342 403 400 474 υύκ
434 405 572 496 ἔφασκεν
602 413 719 490 ἐκεῖνος
751 406 939 497 ἀγαπήσειν,
975 415 1007 478 εί
1034 410 1080 498 μη
1110 410 1167 478 καί
1198 410 1273 498 περί
1281 426 1344 481 nt'„
1354 426 1418 498 stis

185 507 304 576 τούτου
339 507 481 574 πείθυιτο
509 505 598 599 αύτῷ
624 513 688 577 τοῖν
708 499 814 578 ἄλλων
838 517 960 594 μᾶλλον
981 515 1071 580 ἕνεκα
1098 507 1120 599 ἢ
1150 513 1271 597 αύτῆς,

184 605 271 676 ὥστε
291 607 345 674 διύ
377 606 502 674 πάντων
529 611 638 687 αδτοϊς
668 611 934 698 οἷποφρύττεσθαι
959 612 1018 688 τοὶς
1045 609 1190 696 γλώσσας
1216 615 1371 711 καὶγὰρ»

184 708 232 793 μὴ
268 706 431 795 πρόφασιν
463 713 499 774 ἐκ
524 707 639 774 τούτου
670 715 858 797 κακουργιλις
892 716 948 778 καί
978 715 1126 797 διαβολῆς
1151 717 1299 794 ledesma

165 803 444 892 ὅοίπαγορευούσης
459 810 495 872 δέ
508 803 605 893 αύτῆς
623 806 678 873 καί
697 813 755 872 orie
775 807 947 895 ἐθελούσης
958 815 1147 891 πείθεσθαι,
1167 808 1275 876 ἔπεισε

186 904 288 970 πολλὰ
308 903 428 989 εἰπών,
448 902 491 982 ὥς
511 909 585 992 περί
603 907 795 991 α’ναγκαίου,
823 902 963 974 ἄκουσαν
984 911 1043 990 μὲν
1063 908 1119 973 καί
1137 906 1209 992 τόγε
1228 910 1276 984 είς

188 1003 288 1088 αύτὴν
321 998 396 1091 ἧκον
416 1005 650 1073 τῶντοιούτων
675 1005 720 1093 μη
743 1011 891 1094 δεομένην
911 1005 1110 1094 ζητημάτων·
1131 1007 1274 1074 ἐπείθετο

189 1108 221 1170 δ’
242 1099 301 1170 σύν
329 1107 419 1170 ἕνεκα
446 1105 554 1172 adseri.
595 1106 649 1172 sini
671 1107 795 1185 τούτοις
825 1111 861 1174 δδ
881 1110 938 1172 καί
967 1106 1068 1183 αύτδς
1087 1107 1198 1192 ἡσθείς
1220 1106 1276 1172 καὶ

189 1207 296 1270 πᾶσαν
326 1207 485 1287 λογισμῶν
511 1205 707 1292 α’μφιβολίαν
736 1201 953 1290 ἀποθέμενος,
981 1210 1107 1294 χαίρων
1137 1204 1275 1294 ἔφασκεν

151 1296 250 1389 ιοῆδη
270 1303 521 1390 παραλήψεσθαι
539 1303 598 1389 τὴν
618 1305 739 1393 οἰργύγν,
770 1309 801 1372 εἰ
819 1307 876 1372 καί
893 1310 937 1372 δι’
958 1303 1062 1395 δρκιοκ
1079 1310 1200 1391 γένοιτο
1218 1328 1273 1370 m·

186 1401 247 1469 στύ
276 1401 315 1468 τύ
344 1405 503 1487 εἰρημένα.
544 1403 600 1470 καί
626 1401 739 1470 αύτίκα
767 1407 940 1472 ἐτελοῦντο.
959 1406 1017 1472 καί
1035 1406 1066 1472 oi
1087 1403 1177 1492 δρκοι
1196 1409 1272 1491 παρ’

183 1495 340 1586 ἑκατέραν
367 1501 422 1566 ἐπὶ
453 1505 510 1568 τού
529 1499 739 1590 πατριάρχου.
780 1507 852 1570 ἐπεί
869 1506 905 1570 δέ
926 1503 1055 1579 ου’δενύς
1076 1505 1182 1579 αύτοῑς
1205 1505 1274 1569 svs·

185 1604 238 1665 ries
257 1598 304 1664 ἔτι
323 1599 399 1686 πρύς
417 1600 474 1677 τύς
495 1601 680 1682 διαλύσεις,
708 1606 834 1685 βασιλίς
853 1607 912 1686 μὲν
930 1602 1010 1668 οἴκοι
1030 1601 1211 1667 ύπελείπετο
1222 1653 1232 1682 ,
1253 1597 1273 1666 δ

187 1697 288 1780 μέγας
308 1700 343 1762 δὲ
363 1701 542 1782 δομίστικος
563 1694 623 1787 ἤδη
653 1706 760 1768 πᾶσαν
793 1700 850 1787 την
879 1700 983 1788 ἀρχὴν
1011 1701 1148 1783 βεβαίοις
1169 1699 1252 1784 ἔχων
1259 1751 1271 1782 ,

149 1795 319 1884 ι5έξῄεσαν
340 1792 407 1880 ἅμα
427 1797 618 1888 πατριύρχη.
658 1802 714 1866 καί
742 1799 822 1886 πρὸς
840 1803 885 1890 τῷ
904 1803 969 1889 ναῷ
989 1801 1047 1865 τού
1066 1797 1302 1884 μεγαλομύρ-(λ

187 1919 281 1980 τυρος
311 1897 473 1980 γενόμενοι
503 1901 709 1986 Δημητρίου,
739 1895 775 1978 ὃς
796 1901 860 1964 τῶν
887 1901 1057 1982 βασιλειαν
1088 1894 1272 1986 ᾠκοδόμητο

185 1994 294 2077 ἐντὸς,
321 1994 419 2064 πολλὰ
440 1996 496 2063 καί
517 1996 593 2084 πρὸς
614 1995 814 2086 πατριύρχην
833 1997 851 2061 d
871 2001 970 2081 μέγας
991 1998 1173 2080 δομέστικος
1193 1999 1273 2062 διει-

186 2095 299 2180 λέχθη.
329 2093 392 2183 ἔφη
412 2097 494 2181 γύρ,
514 2104 684 2164 πεπεῖσθαι
702 2103 763 2180 μὲν
775 2098 831 2162 καὶ
850 2093 947 2164 airis
967 2101 1101 2184 σαφοῦς,
1122 2095 1166 2171 ὦς
1187 2095 1273 2172 οἴους

186 2193 207 2278 ἦ
227 2194 352 2275 βασιλὶς
373 2197 548 2282 ἐφθέγξατο
570 2193 696 2281 λόγους,
718 2201 860 2263 τοιοῦτον
874 2200 930 2262 καί
948 2195 984 2261 τύ
1005 2193 1155 2284 φρόνημα
1175 2193 1271 2278 ἔχειν.

142 2297 397 2377 αοθορυβεῖοθαι
418 2297 453 2360 δὲ
475 2289 572 2372 αύθις
592 2291 630 2360 ού
648 2297 792 2382 μακρῶς,
821 2295 877 2380 την
899 2296 1069 2362 ἀσθένειαν
1086 2299 1142 2378 τῆς
1160 2318 1273 2378 γυναι-

187 2394 274 2469 κείας
296 2391 424 2480 φύσεως
443 2394 570 2479 εἰδότα,
592 2392 635 2472 ὥς
656 2396 885 2483 εύμετύβλητος
906 2392 961 2462 διδ
983 2397 1122 2477 δειλίαν,
1144 2393 1200 2461 καὶ
1218 2397 1272 2459 δε-

187 2493 343 2575 δοικέναι,
371 2492 415 2577 μη
447 2488 541 2571 αύτὸς
567 2500 627 2576 μὲν
655 2494 862 2575 α’ναγκύζοιτο
881 2494 1015 2559 πάντοτε
1034 2504 1171 2579 μακραῖς
1190 2488 1270 2557 ἀπο-

187 2594 314 2674 δημίαις
343 2596 491 2678 χρῆσθαι
520 2591 573 2659 διαὶ
593 2592 668 2670 τούς
689 2590 767 2680 πρὸς
787 2591 862 2670 τούς
881 2598 1057 2678 περιοίκους
1087 2591 1272 2677 βαρβάρους

187 2693 362 2773 πολέμους,
383 2690 413 2757 οἱ
432 2693 628 2781 συκοφάνται
644 2696 679 2758 δὲ
697 2694 911 2780 οἰκουροῦντες
926 2694 1063 2760 πείσοιοί
1077 2714 1151 2757 ποτε
1171 2688 1273 2777 crissie

189 2869 361 2935 quieturum,
380 2867 544 2921 domesticus
565 2866 762 2937 respondebat,
779 2870 834 2921 nisi
852 2876 881 2923 et
905 2870 935 2921 in
953 2868 1006 2921 hoc
1028 2868 1082 2920 sibi
1101 2866 1272 2937 obsequere-

187 2944 247 3000 tur,
281 2938 395 2991 eliorum
418 2954 497 2991 εειιιιι
520 2940 619 3007 magis,
639 2954 721 3021 quem
739 2956 801 2992 sue:
827 2950 858 2993 ut
883 2939 924 2991 sic
949 2956 999 3009 per
1021 2940 1113 2991 omnis
1142 2938 1197 2989 iilis
1224 2955 1272 2989 ora

188 3007 394 3061 obstruerentur
411 3019 439 3061 et
456 3026 491 3061 ue
508 3007 573 3061 hinc
590 3008 709 3077 maligne
728 3010 916 3062 calumniandi
934 3010 1105 3063 occasionem
1123 3014 1271 3059 sumerent.

188 3076 333 3129 iiecuseuti
357 3094 421 3131 vero
445 3089 474 3132 ct
498 3082 614 3139 invitae,
647 3078 720 3149 quod
749 3094 778 3131 sc
803 3079 963 3133 huiusmodi
988 3076 1273 3150 quaestionibusoon

187 3164 266 3217 cgere
289 3148 413 3213 diceret,
442 3150 534 3201 multis
560 3147 651 3201 verbis
669 3158 773 3202 utrem
791 3152 971 3203 accesserim
988 3148 1133 3271 persuasit
1170 3148 1272 3198 Deme-

186 3220 248 3270 stiei
272 3222 356 3289 igitur
381 3236 459 3271 ceusu
486 3222 609 3271 assensit.
653 3220 789 3289 Quocirca
817 3222 929 3289 etipse
953 3236 987 3271 es
1010 3218 1122 3269 iteratus
1139 3219 1271 3287 omnique

185 3290 381 3413 tristiter
398 3290 776 3431 tiittjgsstztsstt'tu?
794 3294 929 3414 itur
943 3286 1109 3411 diffidi,
1123 3288 1273 3410 iiiiii?

773 3400 780 3424 '
1321 3397 1326 3416 Ι

185 3439 339 3483 merentur:
359 3429 435 3502 quod
452 3448 514 3483 mox
536 3432 570 3482 sb
588 3440 707 3501 utroque
726 3448 816 3484 corum
834 3430 987 3501 patriarche
1004 3430 1107 3482 sectum
1130 3437 1178 3480 est
1206 3429 1271 3479 Per-

183 3498 255 3551 reem
285 3502 370 3569 igitur
392 3502 581 3569 pacificatione
608 3502 768 3571 imperatrix
793 3500 870 3554 domi
895 3503 1003 3553 mansit.
1046 3500 1160 3567 Magnus
1177 3506 1270 3550 sutem

183 3569 366 3634 domesticus,
391 3574 476 3623 totins
495 3572 605 3640 imperii
623 3573 823 3641 gubernatione
840 3570 895 3624 sibi
913 3574 1089 3631 confirmate,
1106 3585 1168 3621 cum
1185 3570 1273 3637 petri·

183 3641 265 3694 archa
283 3642 396 3695 recessit
415 3650 444 3693 et
460 3640 533 3712 epud
551 3640 646 3694 eedem
670 3644 761 3710 magni
779 3642 908 3712 martyris
926 3641 1063 3694 Demetrii
1081 3641 1154 3691 intre
1178 3640 1269 3691 sulem

182 3710 264 3780 longo
284 3726 345 3763 cum
366 3728 490 3765 sermone
508 3710 645 3765 detinuit:
664 3728 763 3781 nempe
781 3712 843 3771 hoc.
878 3713 936 3783 Ego
954 3727 1083 3783 qusque,
1108 3726 1165 3761 non
1189 3711 1271 3763 stiter

182 3798 265 3852 quem
283 3782 414 3847 sentiret,
440 3784 637 3853 imperatricem
654 3782 775 3834 locutam
801 3798 875 3849 esse,
898 3784 979 3852 piene
997 3781 1087 3835 credo.
1125 3779 1273 3835 Perturbor

182 3858 274 3905 temen
303 3868 361 3905 non
394 3854 589 3917 mediocriter,
623 3853 709 3923 quod·
729 3860 842 3907 naturae
869 3853 1014 3906 muliebris
1043 3849 1272 3913 imbecillitetem,

183 3940 262 3993 quem
288 3924 396 3975 seilicet
420 3924 495 3976 reric
522 3932 550 3976 et
581 3922 617 3975 ob
644 3922 824 3977 timiditatem
851 3924 993 3977 metebilis
1020 3924 1059 3975 sit
1075 3938 1223 3992 cognosco:
1243 3928 1273 3972 et

182 3994 253 4045 msie
278 4002 386 4057 metuo,
415 4008 451 4046 ue
475 4010 524 4061 epo
549 3993 661 4065 quidem
686 4010 794 4063 semper
817 4004 931 4066 propter
953 3994 1029 4047 belis
1055 4008 1117 4043 cum
1146 3990 1271 4043 finitimis

181 4059 304 4115 herberie
328 4064 424 4117 obesse
448 4066 555 4136 longius
583 4080 678 4134 cogar,
705 4064 888 4133 sycophsntse
906 4073 997 4117 eutem
1016 4063 1091 4117 domi
1113 4061 1269 4113 desidentes

182 4131 329 4203 eliquando
361 4134 436 4186 illem
461 4144 625 4203 pervertent
671 4133 753 4203 Quod
780 4144 810 4188 et
831 4136 896 4188 siris
914 4134 945 4187 in
963 4150 1054 4204 pugne
1071 4130 1269 4184 imbeils’ssimis

181 4202 301 4258 occidere
327 4204 469 4271 videmus,
490 4206 539 4277 qui
566 4222 582 4259 α
607 4204 763 4259 domesticis
781 4207 914 4277 probrose
930 4203 1061 4276 increpiti
1079 4211 1108 4256 ct
1125 4210 1268 4255 contume-
