<?xml version="1.0" encoding="UTF-8"?>
<!DOCTYPE html PUBLIC "-//W3C//DTD XHTML 1.0 Transitional//EN"
    "http://www.w3.org/TR/xhtml1/DTD/xhtml1-transitional.dtd">
<html xmlns="http://www.w3.org/1999/xhtml" xml:lang="en" lang="en">
 <head>
  <title>
</title>
<meta http-equiv="Content-Type" content="text/html;charset=utf-8" />
  <meta name='ocr-system' content='tesseract 3.04.00' />
  <meta name='ocr-capabilities' content='ocr_page ocr_carea ocr_par ocr_line ocrx_word'/>
</head>
<body>
  <div class='ocr_page' id='page_1' title='image "./corpusscriptoru67theogoog_0030.png"; bbox 0 0 3125 4900; ppageno 0'>
   <div class='ocr_carea' id='block_1_1' title="bbox 284 253 956 346">
    <p class='ocr_par' dir='ltr' id='par_1_1' title="bbox 284 253 956 346">
     <span class='ocr_line' id='line_1_1' title="bbox 284 253 956 346; baseline 0.013 -9"><span class='ocrx_word' id='word_1_1' title='bbox 284 253 337 338; x_wconf 78' lang='grc' dir='ltr'><strong><em>ιο</em></strong></span> <span class='ocrx_word' id='word_1_2' title='bbox 675 261 956 346; x_wconf 68' lang='lat' dir='ltr'><strong>ordiremur</strong></span> 
     </span>
    </p>
   </div>
   <div class='ocr_carea' id='block_1_2' title="bbox 132 427 1420 2691">
    <p class='ocr_par' dir='ltr' id='par_1_2' title="bbox 132 427 1420 1800">
     <span class='ocr_line' id='line_1_2' title="bbox 132 427 1376 516; baseline -0.002 -16"><span class='ocrx_word' id='word_1_3' title='bbox 132 430 201 491; x_wconf 70' lang='grc' dir='ltr'><strong>Ᾰιῧ·</strong></span> <span class='ocrx_word' id='word_1_4' title='bbox 211 427 337 500; x_wconf 61' lang='lat' dir='ltr'><strong>diruat</strong></span> <span class='ocrx_word' id='word_1_5' title='bbox 346 427 369 516; x_wconf 76' lang='grc' dir='ltr'><em>ἦ</em></span> <span class='ocrx_word' id='word_1_6' title='bbox 381 432 561 516; x_wconf 72' lang='grc' dir='ltr'><strong><em>προθεσμία</em></strong></span> <span class='ocrx_word' id='word_1_7' title='bbox 573 432 677 516; x_wconf 77' lang='grc' dir='ltr'><strong><em>παρῆν</em></strong></span> <span class='ocrx_word' id='word_1_8' title='bbox 690 434 753 496; x_wconf 71' lang='grc' dir='ltr'><strong><em>τοῖν</em></strong></span> <span class='ocrx_word' id='word_1_9' title='bbox 763 429 918 512; x_wconf 64' lang='lat' dir='ltr'><strong>truanes,</strong></span> <span class='ocrx_word' id='word_1_10' title='bbox 939 432 1099 496; x_wconf 75' lang='grc' dir='ltr'><strong><em>έτελοιῖντο</em></strong></span> <span class='ocrx_word' id='word_1_11' title='bbox 1119 431 1287 515; x_wconf 73' lang='grc' dir='ltr'><strong><em>ἀθορύβως</em></strong></span> <span class='ocrx_word' id='word_1_12' title='bbox 1309 433 1376 497; x_wconf 71' lang='grc' dir='ltr'><strong><em>κατ’</em></strong></span> 
     </span>
     <span class='ocr_line' id='line_1_3' title="bbox 178 523 1374 617; baseline 0.004 -29"><span class='ocrx_word' id='word_1_13' title='bbox 178 533 211 588; x_wconf 82' lang='lat' dir='ltr'><strong>V.</strong></span> <span class='ocrx_word' id='word_1_14' title='bbox 221 534 272 592; x_wconf 73' lang='lat'><strong>285</strong></span> <span class='ocrx_word' id='word_1_15' title='bbox 280 533 476 612; x_wconf 67' lang='grc' dir='ltr'><strong><em>τεταγμένως</em></strong></span> <span class='ocrx_word' id='word_1_16' title='bbox 489 523 599 611; x_wconf 69' lang='grc' dir='ltr'><strong><em>οὕτως,</em></strong></span> <span class='ocrx_word' id='word_1_17' title='bbox 617 529 660 607; x_wconf 75' lang='grc' dir='ltr'><strong><em>ὥς</em></strong></span> <span class='ocrx_word' id='word_1_18' title='bbox 672 532 775 595; x_wconf 74' lang='grc' dir='ltr'><strong><em>δακεῖν</em></strong></span> <span class='ocrx_word' id='word_1_19' title='bbox 788 525 911 613; x_wconf 82' lang='grc' dir='ltr'><strong><em>ὅλίγους</em></strong></span> <span class='ocrx_word' id='word_1_20' title='bbox 924 527 1015 617; x_wconf 71' lang='grc' dir='ltr'><strong><em>τινὰς</em></strong></span> <span class='ocrx_word' id='word_1_21' title='bbox 1028 524 1110 595; x_wconf 68' lang='lat' dir='ltr'><strong>sisar</strong></span> <span class='ocrx_word' id='word_1_22' title='bbox 1121 534 1176 596; x_wconf 81' lang='grc' dir='ltr'><strong><em>κατ’</em></strong></span> <span class='ocrx_word' id='word_1_23' title='bbox 1187 525 1374 615; x_wconf 78' lang='grc' dir='ltr'><strong><em>εὖαριθμή-</em></strong></span> 
     </span>
     <span class='ocr_line' id='line_1_4' title="bbox 277 624 1373 714; baseline -0.001 -22"><span class='ocrx_word' id='word_1_24' title='bbox 277 651 351 704; x_wconf 88' lang='grc' dir='ltr'><strong><em>τους</em></strong></span> <span class='ocrx_word' id='word_1_25' title='bbox 370 625 443 704; x_wconf 80' lang='grc' dir='ltr'><strong><em>τούς</em></strong></span> <span class='ocrx_word' id='word_1_26' title='bbox 460 631 640 704; x_wconf 77' lang='grc' dir='ltr'><strong><em>τελοῦντας.</em></strong></span> <span class='ocrx_word' id='word_1_27' title='bbox 663 629 739 694; x_wconf 68' lang='grc' dir='ltr'><strong><em>οὐδὲ</em></strong></span> <span class='ocrx_word' id='word_1_28' title='bbox 761 627 823 712; x_wconf 76' lang='lat' dir='ltr'><strong>peip</strong></span> <span class='ocrx_word' id='word_1_29' title='bbox 844 624 966 714; x_wconf 76' lang='grc' dir='ltr'><strong><em>ἅσημός</em></strong></span> <span class='ocrx_word' id='word_1_30' title='bbox 989 653 1037 704; x_wconf 91' lang='grc' dir='ltr'><strong>τις</strong></span> <span class='ocrx_word' id='word_1_31' title='bbox 1065 625 1228 714; x_wconf 80' lang='grc' dir='ltr'><strong><em>ἔξηκοέετο</em></strong></span> <span class='ocrx_word' id='word_1_32' title='bbox 1252 632 1373 714; x_wconf 76' lang='grc' dir='ltr'><strong><em>θροῦς,</em></strong></span> 
     </span>
     <span class='ocr_line' id='line_1_5' title="bbox 281 721 1373 814; baseline 0 -22"><span class='ocrx_word' id='word_1_33' title='bbox 281 721 348 794; x_wconf 79' lang='grc' dir='ltr'><strong><em>οἷον</em></strong></span> <span class='ocrx_word' id='word_1_34' title='bbox 374 735 477 791; x_wconf 78' lang='grc' dir='ltr'><strong><em>ποιεῖν</em></strong></span> <span class='ocrx_word' id='word_1_35' title='bbox 509 734 601 814; x_wconf 79' lang='grc' dir='ltr'><strong><em>φιλεῖ</em></strong></span> <span class='ocrx_word' id='word_1_36' title='bbox 626 725 662 792; x_wconf 85' lang='grc' dir='ltr'><strong>τὸ</strong></span> <span class='ocrx_word' id='word_1_37' title='bbox 690 730 831 814; x_wconf 79' lang='grc' dir='ltr'><strong><em>πλῆθος,</em></strong></span> <span class='ocrx_word' id='word_1_38' title='bbox 871 729 937 794; x_wconf 75' lang='grc' dir='ltr'><strong><em>ἀλλ’</em></strong></span> <span class='ocrx_word' id='word_1_39' title='bbox 960 731 1083 806; x_wconf 86' lang='grc' dir='ltr'><strong><em>ἔξαισία</em></strong></span> <span class='ocrx_word' id='word_1_40' title='bbox 1104 753 1152 805; x_wconf 86' lang='grc' dir='ltr'><strong>τις</strong></span> <span class='ocrx_word' id='word_1_41' title='bbox 1171 728 1373 813; x_wconf 72' lang='grc' dir='ltr'><strong><em>εὐαρμοστία</em></strong></span> 
     </span>
     <span class='ocr_line' id='line_1_6' title="bbox 281 824 1398 915; baseline 0 -25"><span class='ocrx_word' id='word_1_42' title='bbox 281 829 337 890; x_wconf 79' lang='grc' dir='ltr'><strong>καί</strong></span> <span class='ocrx_word' id='word_1_43' title='bbox 356 827 529 914; x_wconf 78' lang='grc' dir='ltr'><strong><em>συμφωνία</em></strong></span> <span class='ocrx_word' id='word_1_44' title='bbox 548 827 685 908; x_wconf 79' lang='grc' dir='ltr'><strong><em>μέλους,</em></strong></span> <span class='ocrx_word' id='word_1_45' title='bbox 707 825 832 892; x_wconf 82' lang='grc' dir='ltr'><strong><em>πάντων</em></strong></span> <span class='ocrx_word' id='word_1_46' title='bbox 852 831 967 915; x_wconf 83' lang='grc' dir='ltr'><strong><em>έφεξῆς</em></strong></span> <span class='ocrx_word' id='word_1_47' title='bbox 985 825 1060 906; x_wconf 85' lang='grc' dir='ltr'><strong><em>τοδς</em></strong></span> <span class='ocrx_word' id='word_1_48' title='bbox 1080 826 1186 914; x_wconf 78' lang='grc' dir='ltr'><strong><em>ἱεροδς</em></strong></span> <span class='ocrx_word' id='word_1_49' title='bbox 1226 824 1398 914; x_wconf 68' lang='grc' dir='ltr'><strong><em>ᾆδὸκτωνᾶ</em></strong></span> 
     </span>
     <span class='ocr_line' id='line_1_7' title="bbox 280 917 1371 1012; baseline 0.001 -24"><span class='ocrx_word' id='word_1_50' title='bbox 280 921 410 1006; x_wconf 69' lang='grc' dir='ltr'><strong><em>ὕμνους.</em></strong></span> <span class='ocrx_word' id='word_1_51' title='bbox 458 929 515 990; x_wconf 81' lang='grc' dir='ltr'><strong><em>καί</em></strong></span> <span class='ocrx_word' id='word_1_52' title='bbox 546 917 585 1010; x_wconf 83' lang='grc' dir='ltr'><strong><em>ἦν</em></strong></span> <span class='ocrx_word' id='word_1_53' title='bbox 617 927 675 992; x_wconf 74' lang='lat' dir='ltr'><strong>adn</strong></span> <span class='ocrx_word' id='word_1_54' title='bbox 702 924 846 1010; x_wconf 81' lang='grc' dir='ltr'><strong><em>ἔκπληξιν</em></strong></span> <span class='ocrx_word' id='word_1_55' title='bbox 870 927 984 1010; x_wconf 79' lang='grc' dir='ltr'><strong><em>μόνον,</em></strong></span> <span class='ocrx_word' id='word_1_56' title='bbox 1017 921 1097 990; x_wconf 77' lang='grc' dir='ltr'><strong><em>ἀλλὰ</em></strong></span> <span class='ocrx_word' id='word_1_57' title='bbox 1125 925 1180 991; x_wconf 78' lang='grc' dir='ltr'><strong>καὶ</strong></span> <span class='ocrx_word' id='word_1_58' title='bbox 1195 925 1309 1012; x_wconf 76' lang='grc' dir='ltr'><strong><em>ἡδονὴν</em></strong></span> <span class='ocrx_word' id='word_1_59' title='bbox 1328 923 1371 990; x_wconf 84' lang='grc' dir='ltr'><strong>τδ</strong></span> 
     </span>
     <span class='ocr_line' id='line_1_8' title="bbox 280 1018 1375 1110; baseline 0.001 -23"><span class='ocrx_word' id='word_1_60' title='bbox 280 1023 389 1104; x_wconf 86' lang='grc' dir='ltr'><strong><em>θέαμα</em></strong></span> <span class='ocrx_word' id='word_1_61' title='bbox 409 1026 568 1110; x_wconf 84' lang='grc' dir='ltr'><strong><em>παρέχον,</em></strong></span> <span class='ocrx_word' id='word_1_62' title='bbox 590 1026 759 1108; x_wconf 85' lang='grc' dir='ltr'><strong><em>κατάλογος</em></strong></span> <span class='ocrx_word' id='word_1_63' title='bbox 782 1021 866 1109; x_wconf 77' lang='grc' dir='ltr'><strong><em>ἱερὸς</em></strong></span> <span class='ocrx_word' id='word_1_64' title='bbox 886 1022 1042 1107; x_wconf 77' lang='grc' dir='ltr'><strong><em>ὁρώμενος</em></strong></span> <span class='ocrx_word' id='word_1_65' title='bbox 1063 1028 1210 1102; x_wconf 80' lang='grc' dir='ltr'><strong><em>τοσοῦτος</em></strong></span> <span class='ocrx_word' id='word_1_66' title='bbox 1220 1020 1288 1106; x_wconf 74' lang='grc' dir='ltr'><strong>ἅμα</strong></span> <span class='ocrx_word' id='word_1_67' title='bbox 1301 1018 1375 1101; x_wconf 78' lang='grc' dir='ltr'><strong><em>τοῖς</em></strong></span> 
     </span>
     <span class='ocr_line' id='line_1_9' title="bbox 279 1119 1376 1207; baseline 0.001 -20"><span class='ocrx_word' id='word_1_68' title='bbox 279 1119 467 1207; x_wconf 75' lang='grc' dir='ltr'><strong><em>ἷερέρχαις,</em></strong></span> <span class='ocrx_word' id='word_1_69' title='bbox 499 1128 625 1198; x_wconf 76' lang='grc' dir='ltr'><strong><em>στολαῖς</em></strong></span> <span class='ocrx_word' id='word_1_70' title='bbox 652 1121 755 1207; x_wconf 78' lang='grc' dir='ltr'><strong><em>ἱεραῖς</em></strong></span> <span class='ocrx_word' id='word_1_71' title='bbox 780 1127 1006 1206; x_wconf 76' lang='grc' dir='ltr'><strong><em>κεκοσμημένοι</em></strong></span> <span class='ocrx_word' id='word_1_72' title='bbox 1033 1127 1088 1187; x_wconf 80' lang='grc' dir='ltr'><strong><em>κατ’</em></strong></span> <span class='ocrx_word' id='word_1_73' title='bbox 1111 1127 1189 1204; x_wconf 85' lang='grc' dir='ltr'><strong><em>μίαν</em></strong></span> <span class='ocrx_word' id='word_1_74' title='bbox 1207 1127 1376 1202; x_wconf 73' lang='grc' dir='ltr'><strong><em>τελοῦντες</em></strong></span> 
     </span>
     <span class='ocr_line' id='line_1_10' title="bbox 280 1215 1373 1309; baseline -0.002 -21"><span class='ocrx_word' id='word_1_75' title='bbox 280 1220 417 1304; x_wconf 79' lang='grc' dir='ltr'><strong><em>τελετὴν,</em></strong></span> <span class='ocrx_word' id='word_1_76' title='bbox 438 1221 498 1307; x_wconf 72' lang='grc' dir='ltr'><strong>ὑφ’</strong></span> <span class='ocrx_word' id='word_1_77' title='bbox 517 1218 567 1285; x_wconf 68' lang='lat' dir='ltr'><strong>ist</strong></span> <span class='ocrx_word' id='word_1_78' title='bbox 585 1219 778 1307; x_wconf 69' lang='grc' dir='ltr'><strong><em>καθηγεμόνι</em></strong></span> <span class='ocrx_word' id='word_1_79' title='bbox 797 1224 842 1308; x_wconf 76' lang='grc' dir='ltr'><strong>τῷ</strong></span> <span class='ocrx_word' id='word_1_80' title='bbox 859 1219 1039 1309; x_wconf 77' lang='grc' dir='ltr'><strong><em>πατριδρχη</em></strong></span> <span class='ocrx_word' id='word_1_81' title='bbox 1054 1215 1249 1303; x_wconf 58' lang='grc' dir='ltr'><strong><em>τεταγμένοι)</em></strong></span> <span class='ocrx_word' id='word_1_82' title='bbox 1283 1229 1373 1303; x_wconf 79' lang='grc' dir='ltr'><strong><em>λαμ·</em></strong></span> 
     </span>
     <span class='ocr_line' id='line_1_11' title="bbox 249 1312 1420 1408; baseline 0.003 -26"><span class='ocrx_word' id='word_1_83' title='bbox 249 1318 393 1396; x_wconf 75' lang='grc' dir='ltr'><strong><em>ῃπέδων</em></strong></span> <span class='ocrx_word' id='word_1_84' title='bbox 412 1322 449 1386; x_wconf 78' lang='grc' dir='ltr'><strong>δέ</strong></span> <span class='ocrx_word' id='word_1_85' title='bbox 468 1323 635 1408; x_wconf 75' lang='grc' dir='ltr'><strong><em>περιουσίᾳ</em></strong></span> <span class='ocrx_word' id='word_1_86' title='bbox 654 1319 710 1386; x_wconf 77' lang='grc' dir='ltr'><strong>καὶ</strong></span> <span class='ocrx_word' id='word_1_87' title='bbox 726 1323 765 1408; x_wconf 80' lang='grc' dir='ltr'><strong>τῇ</strong></span> <span class='ocrx_word' id='word_1_88' title='bbox 781 1312 862 1407; x_wconf 75' lang='grc' dir='ltr'><strong><em>οἷλλη</em></strong></span> <span class='ocrx_word' id='word_1_89' title='bbox 885 1324 1069 1407; x_wconf 69' lang='grc' dir='ltr'><strong><em>πολυτελείᾳ</em></strong></span> <span class='ocrx_word' id='word_1_90' title='bbox 1090 1321 1145 1404; x_wconf 78' lang='grc' dir='ltr'><strong>τῆς</strong></span> <span class='ocrx_word' id='word_1_91' title='bbox 1165 1325 1420 1406; x_wconf 76' lang='grc' dir='ltr'><strong><em>παρασκεοῆςιο</em></strong></span> 
     </span>
     <span class='ocr_line' id='line_1_12' title="bbox 283 1414 1372 1504; baseline 0.004 -22"><span class='ocrx_word' id='word_1_92' title='bbox 283 1420 340 1482; x_wconf 83' lang='grc' dir='ltr'><strong><em>καί</em></strong></span> <span class='ocrx_word' id='word_1_93' title='bbox 356 1417 413 1494; x_wconf 78' lang='grc' dir='ltr'><strong>τὰς</strong></span> <span class='ocrx_word' id='word_1_94' title='bbox 436 1418 560 1484; x_wconf 84' lang='grc' dir='ltr'><strong><em>πιέποτε</em></strong></span> <span class='ocrx_word' id='word_1_95' title='bbox 579 1418 780 1500; x_wconf 79' lang='grc' dir='ltr'><strong><em>δμνουμίνας</em></strong></span> <span class='ocrx_word' id='word_1_96' title='bbox 798 1418 1007 1503; x_wconf 82' lang='grc' dir='ltr'><strong><em>παρηκέκτισε</em></strong></span> <span class='ocrx_word' id='word_1_97' title='bbox 1029 1422 1092 1483; x_wconf 77' lang='grc' dir='ltr'><strong>τῶν</strong></span> <span class='ocrx_word' id='word_1_98' title='bbox 1109 1414 1240 1504; x_wconf 74' lang='grc' dir='ltr'><strong><em>ἑορτῶν.</em></strong></span> <span class='ocrx_word' id='word_1_99' title='bbox 1288 1415 1372 1486; x_wconf 77' lang='grc' dir='ltr'><strong><em>εἷνα-</em></strong></span> 
     </span>
     <span class='ocr_line' id='line_1_13' title="bbox 283 1513 1374 1605; baseline -0.001 -23"><span class='ocrx_word' id='word_1_100' title='bbox 283 1517 417 1600; x_wconf 82' lang='grc' dir='ltr'><strong><em>λοδματα</em></strong></span> <span class='ocrx_word' id='word_1_101' title='bbox 436 1519 472 1582; x_wconf 80' lang='grc' dir='ltr'><strong>δέ</strong></span> <span class='ocrx_word' id='word_1_102' title='bbox 492 1516 530 1583; x_wconf 81' lang='lat' dir='ltr'><strong>sd</strong></span> <span class='ocrx_word' id='word_1_103' title='bbox 551 1516 607 1583; x_wconf 74' lang='lat' dir='ltr'><strong>tut</strong></span> <span class='ocrx_word' id='word_1_104' title='bbox 624 1515 747 1596; x_wconf 67' lang='grc' dir='ltr'><strong><em>τούτοις</em></strong></span> <span class='ocrx_word' id='word_1_105' title='bbox 766 1519 822 1581; x_wconf 84' lang='grc' dir='ltr'><strong><em>καί</em></strong></span> <span class='ocrx_word' id='word_1_106' title='bbox 840 1517 915 1593; x_wconf 79' lang='grc' dir='ltr'><strong><em>τούς</em></strong></span> <span class='ocrx_word' id='word_1_107' title='bbox 934 1519 996 1583; x_wconf 73' lang='grc' dir='ltr'><strong>τῶν</strong></span> <span class='ocrx_word' id='word_1_108' title='bbox 1017 1516 1127 1603; x_wconf 80' lang='grc' dir='ltr'><strong><em>ἱερέων</em></strong></span> <span class='ocrx_word' id='word_1_109' title='bbox 1139 1513 1289 1600; x_wconf 73' lang='grc' dir='ltr'><strong><em>μισθους,</em></strong></span> <span class='ocrx_word' id='word_1_110' title='bbox 1311 1542 1374 1605; x_wconf 75' lang='lat' dir='ltr'><strong>ps-</strong></span> 
     </span>
     <span class='ocr_line' id='line_1_14' title="bbox 256 1613 1374 1705; baseline 0.004 -25"><span class='ocrx_word' id='word_1_111' title='bbox 256 1653 270 1666; x_wconf 38' lang='grc' dir='ltr'><strong>ν-</strong></span> <span class='ocrx_word' id='word_1_112' title='bbox 283 1619 417 1698; x_wconf 87' lang='grc' dir='ltr'><strong><em>λοτίμως</em></strong></span> <span class='ocrx_word' id='word_1_113' title='bbox 443 1614 584 1696; x_wconf 77' lang='grc' dir='ltr'><strong><em>μάλιστα</em></strong></span> <span class='ocrx_word' id='word_1_114' title='bbox 613 1617 837 1701; x_wconf 70' lang='grc' dir='ltr'><strong><em>γεγενημένους</em></strong></span> <span class='ocrx_word' id='word_1_115' title='bbox 867 1613 983 1705; x_wconf 75' lang='grc' dir='ltr'><strong><em>ἑκάστη</em></strong></span> <span class='ocrx_word' id='word_1_116' title='bbox 1012 1620 1079 1700; x_wconf 84' lang='grc' dir='ltr'><strong><em>κατ’</em></strong></span> <span class='ocrx_word' id='word_1_117' title='bbox 1110 1617 1222 1697; x_wconf 74' lang='grc' dir='ltr'><strong><em>α’ξίαν,</em></strong></span> <span class='ocrx_word' id='word_1_118' title='bbox 1245 1613 1374 1684; x_wconf 83' lang='grc' dir='ltr'><strong><em>οἴκοθεν</em></strong></span> 
     </span>
     <span class='ocr_line' id='line_1_15' title="bbox 282 1712 1234 1800; baseline -0.006 -19"><span class='ocrx_word' id='word_1_119' title='bbox 282 1712 420 1798; x_wconf 74' lang='grc' dir='ltr'><strong><em>δμέγσς</em></strong></span> <span class='ocrx_word' id='word_1_120' title='bbox 439 1715 617 1796; x_wconf 83' lang='grc' dir='ltr'><strong><em>δομίστικος</em></strong></span> <span class='ocrx_word' id='word_1_121' title='bbox 635 1716 813 1800; x_wconf 66' lang='grc' dir='ltr'><strong><em>παρέσχετο</em></strong></span> <span class='ocrx_word' id='word_1_122' title='bbox 836 1713 942 1790; x_wconf 80' lang='grc' dir='ltr'><strong><em>ου’τός.</em></strong></span> <span class='ocrx_word' id='word_1_123' title='bbox 970 1747 975 1754; x_wconf 84' lang='lat'><strong>·</strong></span> <span class='ocrx_word' id='word_1_124' title='bbox 1061 1746 1065 1754; x_wconf 88' lang='lat'>·</span> <span class='ocrx_word' id='word_1_125' title='bbox 1230 1748 1234 1754; x_wconf 86' lang='lat'><strong>·</strong></span> 
     </span>
    </p>

    <p class='ocr_par' dir='ltr' id='par_1_3' title="bbox 178 1810 1419 2691">
     <span class='ocr_line' id='line_1_16' title="bbox 178 1810 1419 1897; baseline -0.006 -5"><span class='ocrx_word' id='word_1_126' title='bbox 178 1837 206 1896; x_wconf 82' lang='grc' dir='ltr'><strong>Ρ.</strong></span> <span class='ocrx_word' id='word_1_127' title='bbox 224 1836 272 1892; x_wconf 76' lang='lat'><strong>³51</strong></span> <span class='ocrx_word' id='word_1_128' title='bbox 364 1814 405 1897; x_wconf 66' lang='lat' dir='ltr'><strong>d·</strong></span> <span class='ocrx_word' id='word_1_129' title='bbox 448 1811 546 1878; x_wconf 82' lang='grc' dir='ltr'><strong><em>Ἀλλδ</em></strong></span> <span class='ocrx_word' id='word_1_130' title='bbox 567 1810 607 1878; x_wconf 76' lang='grc' dir='ltr'><strong>τὰ</strong></span> <span class='ocrx_word' id='word_1_131' title='bbox 634 1816 695 1894; x_wconf 83' lang='grc' dir='ltr'><strong>μὲν</strong></span> <span class='ocrx_word' id='word_1_132' title='bbox 716 1815 779 1878; x_wconf 78' lang='grc' dir='ltr'><strong>τῶν</strong></span> <span class='ocrx_word' id='word_1_133' title='bbox 799 1811 943 1893; x_wconf 77' lang='grc' dir='ltr'><strong><em>ἱλασμῶν</em></strong></span> <span class='ocrx_word' id='word_1_134' title='bbox 961 1818 1097 1878; x_wconf 81' lang='grc' dir='ltr'><strong><em>τοιαῦτα</em></strong></span> <span class='ocrx_word' id='word_1_135' title='bbox 1117 1811 1263 1897; x_wconf 65' lang='grc' dir='ltr'><strong><em>ἐγεγόνει.</em></strong></span> <span class='ocrx_word' id='word_1_136' title='bbox 1308 1815 1419 1887; x_wconf 79' lang='lat' dir='ltr'><strong>osi-15</strong></span> 
     </span>
     <span class='ocr_line' id='line_1_17' title="bbox 283 1907 1374 1999; baseline -0.002 -19"><span class='ocrx_word' id='word_1_137' title='bbox 283 1913 337 1991; x_wconf 79' lang='grc' dir='ltr'><strong>τὸς</strong></span> <span class='ocrx_word' id='word_1_138' title='bbox 357 1914 394 1976; x_wconf 80' lang='grc' dir='ltr'><strong>δέ</strong></span> <span class='ocrx_word' id='word_1_139' title='bbox 411 1907 511 1993; x_wconf 79' lang='grc' dir='ltr'><strong><em>εἴχετο</em></strong></span> <span class='ocrx_word' id='word_1_140' title='bbox 535 1916 591 1995; x_wconf 82' lang='grc' dir='ltr'><strong>τῆς</strong></span> <span class='ocrx_word' id='word_1_141' title='bbox 608 1914 671 1986; x_wconf 73' lang='grc' dir='ltr'><strong>τῶν</strong></span> <span class='ocrx_word' id='word_1_142' title='bbox 689 1908 885 1996; x_wconf 78' lang='grc' dir='ltr'><strong><em>πραγμάτων</em></strong></span> <span class='ocrx_word' id='word_1_143' title='bbox 904 1910 1086 1996; x_wconf 70' lang='grc' dir='ltr'><strong><em>διοικήσεως</em></strong></span> <span class='ocrx_word' id='word_1_144' title='bbox 1107 1909 1212 1994; x_wconf 71' lang='grc' dir='ltr'><strong><em>ὥσπερ</em></strong></span> <span class='ocrx_word' id='word_1_145' title='bbox 1229 1911 1285 1976; x_wconf 67' lang='grc' dir='ltr'><strong><em>κατ’</em></strong></span> <span class='ocrx_word' id='word_1_146' title='bbox 1299 1910 1374 1999; x_wconf 78' lang='grc' dir='ltr'><strong><em>πρὸ·</em></strong></span> 
     </span>
     <span class='ocr_line' id='line_1_18' title="bbox 283 2005 1374 2098; baseline 0.002 -23"><span class='ocrx_word' id='word_1_147' title='bbox 283 2032 394 2096; x_wconf 81' lang='grc' dir='ltr'><strong><em>τερον,</em></strong></span> <span class='ocrx_word' id='word_1_148' title='bbox 413 2009 534 2094; x_wconf 88' lang='grc' dir='ltr'><strong><em>μηδένα</em></strong></span> <span class='ocrx_word' id='word_1_149' title='bbox 552 2005 737 2074; x_wconf 73' lang='grc' dir='ltr'><strong><em>ὑποπτεύων</em></strong></span> <span class='ocrx_word' id='word_1_150' title='bbox 763 2011 840 2093; x_wconf 77' lang='grc' dir='ltr'><strong><em>περὶ</em></strong></span> <span class='ocrx_word' id='word_1_151' title='bbox 868 2005 1006 2083; x_wconf 83' lang='grc' dir='ltr'><strong><em>ου’δενός.</em></strong></span> <span class='ocrx_word' id='word_1_152' title='bbox 1051 2015 1095 2097; x_wconf 77' lang='grc' dir='ltr'><strong>τῷ</strong></span> <span class='ocrx_word' id='word_1_153' title='bbox 1123 2012 1302 2098; x_wconf 77' lang='grc' dir='ltr'><strong><em>πατριάρχη</em></strong></span> <span class='ocrx_word' id='word_1_154' title='bbox 1332 2015 1374 2078; x_wconf 77' lang='grc' dir='ltr'><strong>δέ</strong></span> 
     </span>
     <span class='ocr_line' id='line_1_19' title="bbox 285 2103 1373 2194; baseline -0.001 -20"><span class='ocrx_word' id='word_1_155' title='bbox 285 2111 342 2174; x_wconf 73' lang='grc' dir='ltr'><strong>οὐκ</strong></span> <span class='ocrx_word' id='word_1_156' title='bbox 370 2103 460 2194; x_wconf 80' lang='grc' dir='ltr'><strong><em>ἢρκει</em></strong></span> <span class='ocrx_word' id='word_1_157' title='bbox 479 2108 585 2189; x_wconf 88' lang='grc' dir='ltr'><strong><em>μένειν</em></strong></span> <span class='ocrx_word' id='word_1_158' title='bbox 612 2109 667 2172; x_wconf 81' lang='grc' dir='ltr'><strong><em>ἐπέ</em></strong></span> <span class='ocrx_word' id='word_1_159' title='bbox 683 2115 748 2182; x_wconf 73' lang='grc' dir='ltr'><strong><em>τοῖς</em></strong></span> <span class='ocrx_word' id='word_1_160' title='bbox 767 2109 952 2191; x_wconf 85' lang='grc' dir='ltr'><strong><em>προτέροις,</em></strong></span> <span class='ocrx_word' id='word_1_161' title='bbox 973 2110 1040 2173; x_wconf 72' lang='grc' dir='ltr'><strong><em>ἀλλ’</em></strong></span> <span class='ocrx_word' id='word_1_162' title='bbox 1063 2107 1166 2172; x_wconf 85' lang='grc' dir='ltr'><strong><em>έδόκει</em></strong></span> <span class='ocrx_word' id='word_1_163' title='bbox 1189 2110 1254 2172; x_wconf 84' lang='grc' dir='ltr'><strong><em>δεῖν</em></strong></span> <span class='ocrx_word' id='word_1_164' title='bbox 1281 2110 1373 2174; x_wconf 82' lang='grc' dir='ltr'><strong><em>α’ντέ-</em></strong></span> 
     </span>
     <span class='ocr_line' id='line_1_20' title="bbox 278 2201 1372 2294; baseline -0.001 -20"><span class='ocrx_word' id='word_1_165' title='bbox 278 2212 399 2294; x_wconf 81' lang='grc' dir='ltr'><strong><em>χεσθαι</em></strong></span> <span class='ocrx_word' id='word_1_166' title='bbox 409 2210 465 2291; x_wconf 77' lang='grc' dir='ltr'><strong>τῆς</strong></span> <span class='ocrx_word' id='word_1_167' title='bbox 477 2208 540 2271; x_wconf 79' lang='grc' dir='ltr'><strong>τῶν</strong></span> <span class='ocrx_word' id='word_1_168' title='bbox 554 2209 665 2271; x_wconf 75' lang='grc' dir='ltr'><strong><em>κοινῶν</em></strong></span> <span class='ocrx_word' id='word_1_169' title='bbox 685 2201 878 2290; x_wconf 71' lang='grc' dir='ltr'><strong><em>πραγμάτων</em></strong></span> <span class='ocrx_word' id='word_1_170' title='bbox 898 2204 1097 2290; x_wconf 68' lang='grc' dir='ltr'><strong><em>διοικήσεως,</em></strong></span> <span class='ocrx_word' id='word_1_171' title='bbox 1120 2206 1165 2283; x_wconf 82' lang='grc' dir='ltr'><strong><em>οδς</em></strong></span> <span class='ocrx_word' id='word_1_172' title='bbox 1180 2207 1372 2294; x_wconf 73' lang='grc' dir='ltr'><strong><em>αέτῷπροσ-</em></strong></span> 
     </span>
     <span class='ocr_line' id='line_1_21' title="bbox 280 2301 1413 2395; baseline 0.004 -25"><span class='ocrx_word' id='word_1_173' title='bbox 280 2304 416 2395; x_wconf 81' lang='grc' dir='ltr'><strong><em>ηκοέσης</em></strong></span> <span class='ocrx_word' id='word_1_174' title='bbox 453 2307 489 2370; x_wconf 80' lang='grc' dir='ltr'><strong>ἐκ</strong></span> <span class='ocrx_word' id='word_1_175' title='bbox 515 2301 661 2389; x_wconf 73' lang='grc' dir='ltr'><strong><em>τοιαύτης</em></strong></span> <span class='ocrx_word' id='word_1_176' title='bbox 691 2301 739 2388; x_wconf 71' lang='grc' dir='ltr'><strong>δή,</strong></span> <span class='ocrx_word' id='word_1_177' title='bbox 758 2329 840 2379; x_wconf 86' lang='grc' dir='ltr'><strong><em>τινος</em></strong></span> <span class='ocrx_word' id='word_1_178' title='bbox 868 2306 979 2380; x_wconf 81' lang='grc' dir='ltr'><strong><em>αἰτίας.</em></strong></span> <span class='ocrx_word' id='word_1_179' title='bbox 1024 2303 1070 2370; x_wconf 72' lang='grc' dir='ltr'><strong>ἔτι</strong></span> <span class='ocrx_word' id='word_1_180' title='bbox 1092 2304 1251 2392; x_wconf 82' lang='grc' dir='ltr'><strong><em>περιόντος</em></strong></span> <span class='ocrx_word' id='word_1_181' title='bbox 1270 2312 1413 2389; x_wconf 75' lang='grc' dir='ltr'><strong><em>βασι-το</em></strong></span> 
     </span>
     <span class='ocr_line' id='line_1_22' title="bbox 282 2399 1372 2495; baseline -0.001 -21"><span class='ocrx_word' id='word_1_182' title='bbox 282 2410 361 2483; x_wconf 89' lang='grc' dir='ltr'><strong><em>λέως</em></strong></span> <span class='ocrx_word' id='word_1_183' title='bbox 382 2405 440 2470; x_wconf 81' lang='lat' dir='ltr'><strong>cdx</strong></span> <span class='ocrx_word' id='word_1_184' title='bbox 462 2399 554 2495; x_wconf 78' lang='grc' dir='ltr'><strong><em>ὀλίγῳ</em></strong></span> <span class='ocrx_word' id='word_1_185' title='bbox 575 2400 678 2493; x_wconf 75' lang='grc' dir='ltr'><strong><em>χρόνῳ</em></strong></span> <span class='ocrx_word' id='word_1_186' title='bbox 697 2402 759 2490; x_wconf 85' lang='grc' dir='ltr'><strong><em>πρὸ</em></strong></span> <span class='ocrx_word' id='word_1_187' title='bbox 785 2408 840 2489; x_wconf 77' lang='grc' dir='ltr'><strong>τῆς</strong></span> <span class='ocrx_word' id='word_1_188' title='bbox 861 2406 1005 2489; x_wconf 78' lang='grc' dir='ltr'><strong><em>τελευτῆς</em></strong></span> <span class='ocrx_word' id='word_1_189' title='bbox 1024 2405 1249 2486; x_wconf 78' lang='grc' dir='ltr'><strong><em>συνεβούλευεν</em></strong></span> <span class='ocrx_word' id='word_1_190' title='bbox 1276 2405 1293 2473; x_wconf 85' lang='lat' dir='ltr'><strong>c‘</strong></span> <span class='ocrx_word' id='word_1_191' title='bbox 1315 2409 1372 2489; x_wconf 82' lang='grc' dir='ltr'><strong><em>με’·</em></strong></span> 
     </span>
     <span class='ocr_line' id='line_1_23' title="bbox 282 2501 1372 2592; baseline -0.002 -19"><span class='ocrx_word' id='word_1_192' title='bbox 282 2530 341 2592; x_wconf 88' lang='grc' dir='ltr'><strong>γας</strong></span> <span class='ocrx_word' id='word_1_193' title='bbox 369 2508 551 2589; x_wconf 84' lang='grc' dir='ltr'><strong><em>δομέστικος</em></strong></span> <span class='ocrx_word' id='word_1_194' title='bbox 572 2504 663 2591; x_wconf 69' lang='grc' dir='ltr'><strong><em>αὐτῷ</em></strong></span> <span class='ocrx_word' id='word_1_195' title='bbox 677 2503 877 2589; x_wconf 81' lang='grc' dir='ltr'><strong><em>πατριάρχην</em></strong></span> <span class='ocrx_word' id='word_1_196' title='bbox 901 2514 1009 2569; x_wconf 82' lang='grc' dir='ltr'><strong><em>πεῖσαι</em></strong></span> <span class='ocrx_word' id='word_1_197' title='bbox 1029 2506 1184 2584; x_wconf 76' lang='grc' dir='ltr'><strong><em>ἐπιτίμιον</em></strong></span> <span class='ocrx_word' id='word_1_198' title='bbox 1202 2501 1372 2571; x_wconf 73' lang='grc' dir='ltr'><strong><em>ἀνατείνα-</em></strong></span> 
     </span>
     <span class='ocr_line' id='line_1_24' title="bbox 283 2601 1371 2691; baseline -0.002 -18"><span class='ocrx_word' id='word_1_199' title='bbox 283 2610 364 2673; x_wconf 87' lang='grc' dir='ltr'><strong><em>σθαι</em></strong></span> <span class='ocrx_word' id='word_1_200' title='bbox 390 2604 445 2671; x_wconf 86' lang='grc' dir='ltr'><strong><em>καί</em></strong></span> <span class='ocrx_word' id='word_1_201' title='bbox 472 2601 637 2691; x_wconf 78' lang='grc' dir='ltr'><strong><em>χωρισμὸν</em></strong></span> <span class='ocrx_word' id='word_1_202' title='bbox 666 2607 723 2687; x_wconf 83' lang='grc' dir='ltr'><strong>τῆς</strong></span> <span class='ocrx_word' id='word_1_203' title='bbox 750 2604 914 2688; x_wconf 74' lang='grc' dir='ltr'><strong><em>έκκλησιας</em></strong></span> <span class='ocrx_word' id='word_1_204' title='bbox 932 2606 996 2669; x_wconf 76' lang='grc' dir='ltr'><strong><em>τοῖν</em></strong></span> <span class='ocrx_word' id='word_1_205' title='bbox 1014 2605 1148 2686; x_wconf 76' lang='grc' dir='ltr'><strong><em>πιστῶν,</em></strong></span> <span class='ocrx_word' id='word_1_206' title='bbox 1170 2601 1267 2682; x_wconf 76' lang='grc' dir='ltr'><strong><em>εἴτις</em></strong></span> <span class='ocrx_word' id='word_1_207' title='bbox 1285 2628 1371 2671; x_wconf 85' lang='grc' dir='ltr'><strong><em>τετε·</em></strong></span> 
     </span>
    </p>
   </div>
   <div class='ocr_carea' id='block_1_3' title="bbox 187 2786 1373 4265">
    <p class='ocr_par' dir='ltr' id='par_1_4' title="bbox 187 2786 1373 3703">
     <span class='ocr_line' id='line_1_25' title="bbox 187 2786 1372 2859; baseline 0 -16"><span class='ocrx_word' id='word_1_208' title='bbox 187 2792 194 2813; x_wconf 79' lang='grc'><em>’</em></span> <span class='ocrx_word' id='word_1_209' title='bbox 285 2790 344 2843; x_wconf 88' lang='lat' dir='ltr'><strong>dies</strong></span> <span class='ocrx_word' id='word_1_210' title='bbox 361 2788 502 2859; x_wconf 70' lang='lat' dir='ltr'><strong>placandis</strong></span> <span class='ocrx_word' id='word_1_211' title='bbox 529 2786 655 2839; x_wconf 86' lang='lat' dir='ltr'><strong>manibus</strong></span> <span class='ocrx_word' id='word_1_212' title='bbox 676 2788 749 2841; x_wconf 86' lang='lat' dir='ltr'><strong>dicta</strong></span> <span class='ocrx_word' id='word_1_213' title='bbox 776 2786 886 2852; x_wconf 81' lang='lat' dir='ltr'><strong>illuxit,</strong></span> <span class='ocrx_word' id='word_1_214' title='bbox 914 2789 1005 2841; x_wconf 87' lang='lat' dir='ltr'><strong>omnis</strong></span> <span class='ocrx_word' id='word_1_215' title='bbox 1028 2787 1098 2839; x_wconf 88' lang='lat' dir='ltr'><strong>adeo</strong></span> <span class='ocrx_word' id='word_1_216' title='bbox 1126 2792 1193 2843; x_wconf 85' lang='lat' dir='ltr'><strong>citra</strong></span> <span class='ocrx_word' id='word_1_217' title='bbox 1221 2790 1372 2845; x_wconf 89' lang='lat' dir='ltr'><strong>tumultum</strong></span> 
     </span>
     <span class='ocr_line' id='line_1_26' title="bbox 285 2858 1371 2930; baseline 0.001 -18"><span class='ocrx_word' id='word_1_218' title='bbox 285 2870 418 2930; x_wconf 86' lang='lat' dir='ltr'><strong>tantoque</strong></span> <span class='ocrx_word' id='word_1_219' title='bbox 438 2859 534 2910; x_wconf 85' lang='lat' dir='ltr'><strong>ordine</strong></span> <span class='ocrx_word' id='word_1_220' title='bbox 555 2866 664 2929; x_wconf 85' lang='lat' dir='ltr'><strong>peracta</strong></span> <span class='ocrx_word' id='word_1_221' title='bbox 682 2866 761 2920; x_wconf 84' lang='lat' dir='ltr'><strong>sunt,</strong></span> <span class='ocrx_word' id='word_1_222' title='bbox 794 2859 873 2929; x_wconf 88' lang='lat' dir='ltr'><strong>qnasi</strong></span> <span class='ocrx_word' id='word_1_223' title='bbox 898 2862 946 2927; x_wconf 90' lang='lat' dir='ltr'><strong>qui</strong></span> <span class='ocrx_word' id='word_1_224' title='bbox 968 2858 1133 2928; x_wconf 80' lang='lat' dir='ltr'><strong>peragebant</strong></span> <span class='ocrx_word' id='word_1_225' title='bbox 1157 2862 1235 2929; x_wconf 87' lang='lat' dir='ltr'><strong>pauci</strong></span> <span class='ocrx_word' id='word_1_226' title='bbox 1258 2877 1289 2912; x_wconf 86' lang='lat' dir='ltr'><strong>ac</strong></span> <span class='ocrx_word' id='word_1_227' title='bbox 1313 2878 1371 2914; x_wconf 85' lang='lat' dir='ltr'><strong>nu-</strong></span> 
     </span>
     <span class='ocr_line' id='line_1_27' title="bbox 285 2928 1370 2997; baseline 0 -16"><span class='ocrx_word' id='word_1_228' title='bbox 285 2938 391 2983; x_wconf 84' lang='lat' dir='ltr'><strong>meratu</strong></span> <span class='ocrx_word' id='word_1_229' title='bbox 425 2928 517 2980; x_wconf 75' lang='lat' dir='ltr'><strong>faciles</strong></span> <span class='ocrx_word' id='word_1_230' title='bbox 551 2936 649 2982; x_wconf 77' lang='lat' dir='ltr'><strong>essent.</strong></span> <span class='ocrx_word' id='word_1_231' title='bbox 698 2930 794 2997; x_wconf 88' lang='lat' dir='ltr'><strong>Neque</strong></span> <span class='ocrx_word' id='word_1_232' title='bbox 825 2928 898 2981; x_wconf 85' lang='lat' dir='ltr'><strong>enim</strong></span> <span class='ocrx_word' id='word_1_233' title='bbox 927 2930 1024 2982; x_wconf 85' lang='lat' dir='ltr'><strong>saltem</strong></span> <span class='ocrx_word' id='word_1_234' title='bbox 1054 2930 1194 2982; x_wconf 86' lang='lat' dir='ltr'><strong>obscurius</strong></span> <span class='ocrx_word' id='word_1_235' title='bbox 1230 2947 1370 2993; x_wconf 82' lang='lat' dir='ltr'><strong>murmur,</strong></span> 
     </span>
     <span class='ocr_line' id='line_1_28' title="bbox 285 2997 1370 3072; baseline 0.002 -21"><span class='ocrx_word' id='word_1_236' title='bbox 285 3002 366 3072; x_wconf 90' lang='lat' dir='ltr'><strong>quale</strong></span> <span class='ocrx_word' id='word_1_237' title='bbox 385 3002 414 3051; x_wconf 87' lang='lat' dir='ltr'><strong>ln</strong></span> <span class='ocrx_word' id='word_1_238' title='bbox 433 3000 591 3071; x_wconf 81' lang='lat' dir='ltr'><strong>frequentia</strong></span> <span class='ocrx_word' id='word_1_239' title='bbox 609 2999 695 3059; x_wconf 86' lang='lat' dir='ltr'><strong>solet,</strong></span> <span class='ocrx_word' id='word_1_240' title='bbox 716 2998 763 3051; x_wconf 87' lang='lat' dir='ltr'><strong>sed</strong></span> <span class='ocrx_word' id='word_1_241' title='bbox 782 2997 951 3051; x_wconf 86' lang='lat' dir='ltr'><strong>admirabilis</strong></span> <span class='ocrx_word' id='word_1_242' title='bbox 970 2998 1123 3069; x_wconf 80' lang='lat' dir='ltr'><strong>quaedam,</strong></span> <span class='ocrx_word' id='word_1_243' title='bbox 1140 2999 1267 3055; x_wconf 81' lang='lat' dir='ltr'><strong>omnibus</strong></span> <span class='ocrx_word' id='word_1_244' title='bbox 1279 3001 1370 3053; x_wconf 79' lang='lat' dir='ltr'><strong>alter-</strong></span> 
     </span>
     <span class='ocr_line' id='line_1_29' title="bbox 285 3068 1371 3140; baseline 0 -16"><span class='ocrx_word' id='word_1_245' title='bbox 285 3070 372 3124; x_wconf 83' lang='lat' dir='ltr'><strong>natim</strong></span> <span class='ocrx_word' id='word_1_246' title='bbox 389 3076 477 3122; x_wconf 82' lang='lat' dir='ltr'><strong>sactes</strong></span> <span class='ocrx_word' id='word_1_247' title='bbox 494 3068 608 3137; x_wconf 75' lang='lat' dir='ltr'><strong>hymnos</strong></span> <span class='ocrx_word' id='word_1_248' title='bbox 630 3068 852 3129; x_wconf 69' lang='lat' dir='ltr'><strong>modulantibus,</strong></span> <span class='ocrx_word' id='word_1_249' title='bbox 883 3072 1053 3122; x_wconf 79' lang='lat' dir='ltr'><strong>concinnitas</strong></span> <span class='ocrx_word' id='word_1_250' title='bbox 1075 3078 1159 3140; x_wconf 85' lang='lat' dir='ltr'><strong>atque</strong></span> <span class='ocrx_word' id='word_1_251' title='bbox 1177 3074 1371 3124; x_wconf 81' lang='lat' dir='ltr'><strong>convenientis</strong></span> 
     </span>
     <span class='ocr_line' id='line_1_30' title="bbox 284 3139 1370 3213; baseline 0.003 -22"><span class='ocrx_word' id='word_1_252' title='bbox 284 3156 379 3194; x_wconf 78' lang='lat' dir='ltr'><strong>vocum</strong></span> <span class='ocrx_word' id='word_1_253' title='bbox 408 3139 623 3193; x_wconf 78' lang='lat' dir='ltr'><strong>exaudiebaturs</strong></span> <span class='ocrx_word' id='word_1_254' title='bbox 655 3156 707 3191; x_wconf 87' lang='lat' dir='ltr'><strong>uec</strong></span> <span class='ocrx_word' id='word_1_255' title='bbox 732 3139 839 3206; x_wconf 90' lang='lat' dir='ltr'><strong>stupori</strong></span> <span class='ocrx_word' id='word_1_256' title='bbox 865 3147 989 3201; x_wconf 84' lang='lat' dir='ltr'><strong>tantum,</strong></span> <span class='ocrx_word' id='word_1_257' title='bbox 1021 3140 1070 3193; x_wconf 89' lang='lat' dir='ltr'><strong>sed</strong></span> <span class='ocrx_word' id='word_1_258' title='bbox 1098 3142 1232 3210; x_wconf 78' lang='lat' dir='ltr'><strong>voluptati</strong></span> <span class='ocrx_word' id='word_1_259' title='bbox 1257 3158 1370 3213; x_wconf 87' lang='lat' dir='ltr'><strong>quoqne</strong></span> 
     </span>
     <span class='ocr_line' id='line_1_31' title="bbox 286 3209 1370 3279; baseline 0.001 -17"><span class='ocrx_word' id='word_1_260' title='bbox 286 3220 346 3264; x_wconf 82' lang='lat' dir='ltr'><strong>erat</strong></span> <span class='ocrx_word' id='word_1_261' title='bbox 361 3210 414 3263; x_wconf 85' lang='lat' dir='ltr'><strong>boe</strong></span> <span class='ocrx_word' id='word_1_262' title='bbox 437 3212 638 3279; x_wconf 84' lang='lat' dir='ltr'><strong>spectaculum,</strong></span> <span class='ocrx_word' id='word_1_263' title='bbox 665 3210 728 3263; x_wconf 89' lang='lat' dir='ltr'><strong>dum</strong></span> <span class='ocrx_word' id='word_1_264' title='bbox 754 3209 793 3259; x_wconf 87' lang='lat' dir='ltr'><strong>ita</strong></span> <span class='ocrx_word' id='word_1_265' title='bbox 818 3209 912 3275; x_wconf 80' lang='lat' dir='ltr'><strong>ingens</strong></span> <span class='ocrx_word' id='word_1_266' title='bbox 943 3210 1111 3263; x_wconf 87' lang='lat' dir='ltr'><strong>sacerdotum</strong></span> <span class='ocrx_word' id='word_1_267' title='bbox 1136 3212 1283 3263; x_wconf 88' lang='lat' dir='ltr'><strong>multitudo</strong></span> <span class='ocrx_word' id='word_1_268' title='bbox 1307 3229 1370 3263; x_wconf 86' lang='lat' dir='ltr'><strong>cum</strong></span> 
     </span>
     <span class='ocr_line' id='line_1_32' title="bbox 286 3276 1370 3351; baseline 0 -18"><span class='ocrx_word' id='word_1_269' title='bbox 286 3282 438 3351; x_wconf 90' lang='lat' dir='ltr'><strong>episcopis,</strong></span> <span class='ocrx_word' id='word_1_270' title='bbox 460 3276 556 3332; x_wconf 71' lang='lat' dir='ltr'><strong>induta</strong></span> <span class='ocrx_word' id='word_1_271' title='bbox 576 3277 818 3341; x_wconf 64' lang='lat' dir='ltr'><strong>sitriensibus,</strong></span> <span class='ocrx_word' id='word_1_272' title='bbox 843 3278 893 3331; x_wconf 85' lang='lat' dir='ltr'><strong>sub</strong></span> <span class='ocrx_word' id='word_1_273' title='bbox 918 3297 973 3331; x_wconf 90' lang='lat' dir='ltr'><strong>uno</strong></span> <span class='ocrx_word' id='word_1_274' title='bbox 989 3281 1142 3350; x_wconf 85' lang='lat' dir='ltr'><strong>patriarcba</strong></span> <span class='ocrx_word' id='word_1_275' title='bbox 1159 3282 1246 3344; x_wconf 87' lang='lat' dir='ltr'><strong>duce,</strong></span> <span class='ocrx_word' id='word_1_276' title='bbox 1269 3282 1370 3333; x_wconf 85' lang='lat' dir='ltr'><strong>iisdem</strong></span> 
     </span>
     <span class='ocr_line' id='line_1_33' title="bbox 285 3349 1369 3422; baseline 0 -19"><span class='ocrx_word' id='word_1_277' title='bbox 285 3350 385 3404; x_wconf 86' lang='lat' dir='ltr'><strong>ritibus</strong></span> <span class='ocrx_word' id='word_1_278' title='bbox 401 3352 565 3420; x_wconf 77' lang='lat' dir='ltr'><strong>iungeretur.</strong></span> <span class='ocrx_word' id='word_1_279' title='bbox 603 3349 769 3418; x_wconf 85' lang='lat' dir='ltr'><strong>Lampadum</strong></span> <span class='ocrx_word' id='word_1_280' title='bbox 785 3365 848 3401; x_wconf 83' lang='lat' dir='ltr'><strong>vero</strong></span> <span class='ocrx_word' id='word_1_281' title='bbox 870 3350 950 3420; x_wconf 89' lang='lat' dir='ltr'><strong>copia</strong></span> <span class='ocrx_word' id='word_1_282' title='bbox 969 3352 1125 3422; x_wconf 83' lang='lat' dir='ltr'><strong>reliquique</strong></span> <span class='ocrx_word' id='word_1_283' title='bbox 1147 3360 1292 3419; x_wconf 87' lang='lat' dir='ltr'><strong>apparatus</strong></span> <span class='ocrx_word' id='word_1_284' title='bbox 1308 3369 1369 3403; x_wconf 83' lang='lat' dir='ltr'><strong>sm·</strong></span> 
     </span>
     <span class='ocr_line' id='line_1_34' title="bbox 286 3418 1370 3492; baseline -0.001 -18"><span class='ocrx_word' id='word_1_285' title='bbox 286 3420 396 3491; x_wconf 87' lang='lat' dir='ltr'><strong>plitudo</strong></span> <span class='ocrx_word' id='word_1_286' title='bbox 419 3420 541 3471; x_wconf 87' lang='lat' dir='ltr'><strong>omnium</strong></span> <span class='ocrx_word' id='word_1_287' title='bbox 559 3418 665 3471; x_wconf 81' lang='lat' dir='ltr'><strong>dlerrim</strong></span> <span class='ocrx_word' id='word_1_288' title='bbox 680 3422 823 3483; x_wconf 78' lang='lat' dir='ltr'><strong>festorum,</strong></span> <span class='ocrx_word' id='word_1_289' title='bbox 839 3422 887 3489; x_wconf 89' lang='lat' dir='ltr'><strong>qui</strong></span> <span class='ocrx_word' id='word_1_290' title='bbox 912 3421 1032 3492; x_wconf 86' lang='lat' dir='ltr'><strong>unquam</strong></span> <span class='ocrx_word' id='word_1_291' title='bbox 1048 3420 1238 3474; x_wconf 76' lang='lat' dir='ltr'><strong>menoisbiles</strong></span> <span class='ocrx_word' id='word_1_292' title='bbox 1256 3423 1370 3473; x_wconf 78' lang='lat' dir='ltr'><strong>exstite-</strong></span> 
     </span>
     <span class='ocr_line' id='line_1_35' title="bbox 285 3490 1369 3561; baseline -0.002 -18"><span class='ocrx_word' id='word_1_293' title='bbox 285 3500 366 3554; x_wconf 85' lang='lat' dir='ltr'><strong>runt,</strong></span> <span class='ocrx_word' id='word_1_294' title='bbox 397 3491 622 3558; x_wconf 72' lang='lat' dir='ltr'><strong>magnificentiam</strong></span> <span class='ocrx_word' id='word_1_295' title='bbox 641 3490 870 3561; x_wconf 85' lang='lat' dir='ltr'><strong>splendoremque</strong></span> <span class='ocrx_word' id='word_1_296' title='bbox 884 3491 1039 3559; x_wconf 74' lang='lat' dir='ltr'><strong>superabat„</strong></span> <span class='ocrx_word' id='word_1_297' title='bbox 1075 3494 1164 3561; x_wconf 78' lang='lat' dir='ltr'><strong>Atque</strong></span> <span class='ocrx_word' id='word_1_298' title='bbox 1193 3492 1222 3541; x_wconf 92' lang='lat' dir='ltr'><strong>in</strong></span> <span class='ocrx_word' id='word_1_299' title='bbox 1244 3492 1312 3544; x_wconf 86' lang='lat' dir='ltr'><strong>baec</strong></span> <span class='ocrx_word' id='word_1_300' title='bbox 1339 3498 1369 3542; x_wconf 86' lang='lat' dir='ltr'><strong>et</strong></span> 
     </span>
     <span class='ocr_line' id='line_1_36' title="bbox 287 3559 1367 3631; baseline -0.002 -16"><span class='ocrx_word' id='word_1_301' title='bbox 287 3565 318 3615; x_wconf 90' lang='lat' dir='ltr'><strong>in</strong></span> <span class='ocrx_word' id='word_1_302' title='bbox 338 3561 506 3613; x_wconf 74' lang='lat' dir='ltr'><strong>sacerdotum</strong></span> <span class='ocrx_word' id='word_1_303' title='bbox 533 3560 699 3628; x_wconf 84' lang='lat' dir='ltr'><strong>amplissima</strong></span> <span class='ocrx_word' id='word_1_304' title='bbox 718 3559 865 3612; x_wconf 80' lang='lat' dir='ltr'><strong>honoraria</strong></span> <span class='ocrx_word' id='word_1_305' title='bbox 889 3578 939 3629; x_wconf 88' lang='lat' dir='ltr'><strong>pro</strong></span> <span class='ocrx_word' id='word_1_306' title='bbox 964 3563 1096 3631; x_wconf 87' lang='lat' dir='ltr'><strong>cuiusque</strong></span> <span class='ocrx_word' id='word_1_307' title='bbox 1129 3561 1262 3629; x_wconf 74' lang='lat' dir='ltr'><strong>dignitate</strong></span> <span class='ocrx_word' id='word_1_308' title='bbox 1293 3578 1367 3614; x_wconf 83' lang='lat' dir='ltr'><strong>sum·</strong></span> 
     </span>
     <span class='ocr_line' id='line_1_37' title="bbox 287 3630 1373 3703; baseline -0.008 -17"><span class='ocrx_word' id='word_1_309' title='bbox 287 3642 366 3703; x_wconf 91' lang='lat' dir='ltr'><strong>ptum</strong></span> <span class='ocrx_word' id='word_1_310' title='bbox 385 3631 420 3683; x_wconf 88' lang='lat' dir='ltr'><strong>de</strong></span> <span class='ocrx_word' id='word_1_311' title='bbox 436 3648 484 3684; x_wconf 86' lang='lat' dir='ltr'><strong>suo</strong></span> <span class='ocrx_word' id='word_1_312' title='bbox 502 3631 569 3682; x_wconf 83' lang='lat' dir='ltr'><strong>feeit</strong></span> <span class='ocrx_word' id='word_1_313' title='bbox 584 3646 697 3697; x_wconf 75' lang='lat' dir='ltr'><strong>magnus</strong></span> <span class='ocrx_word' id='word_1_314' title='bbox 715 3630 888 3683; x_wconf 85' lang='lat' dir='ltr'><strong>domesticus.</strong></span> <span class='ocrx_word' id='word_1_315' title='bbox 1368 3657 1373 3665; x_wconf 84' lang='lat'><em>·</em></span> 
     </span>
    </p>

    <p class='ocr_par' dir='ltr' id='par_1_5' title="bbox 286 3700 1372 4265">
     <span class='ocr_line' id='line_1_38' title="bbox 358 3700 1366 3771; baseline -0.003 -15"><span class='ocrx_word' id='word_1_316' title='bbox 358 3721 383 3756; x_wconf 84' lang='lat' dir='ltr'><strong>a.</strong></span> <span class='ocrx_word' id='word_1_317' title='bbox 423 3702 546 3754; x_wconf 82' lang='lat' dir='ltr'><strong>Piamina</strong></span> <span class='ocrx_word' id='word_1_318' title='bbox 585 3701 697 3769; x_wconf 88' lang='lat' dir='ltr'><strong>quidem</strong></span> <span class='ocrx_word' id='word_1_319' title='bbox 737 3700 806 3752; x_wconf 89' lang='lat' dir='ltr'><strong>haec</strong></span> <span class='ocrx_word' id='word_1_320' title='bbox 845 3701 965 3754; x_wconf 80' lang='lat' dir='ltr'><strong>luerunt.</strong></span> <span class='ocrx_word' id='word_1_321' title='bbox 1032 3700 1093 3766; x_wconf 91' lang='lat' dir='ltr'><strong>lpse</strong></span> <span class='ocrx_word' id='word_1_322' title='bbox 1126 3709 1217 3752; x_wconf 85' lang='lat' dir='ltr'><strong>autem</strong></span> <span class='ocrx_word' id='word_1_323' title='bbox 1252 3718 1366 3771; x_wconf 72' lang='lat' dir='ltr'><strong>magnus</strong></span> 
     </span>
     <span class='ocr_line' id='line_1_39' title="bbox 287 3770 1366 3841; baseline 0 -18"><span class='ocrx_word' id='word_1_324' title='bbox 287 3772 463 3836; x_wconf 87' lang='lat' dir='ltr'><strong>domesticus,</strong></span> <span class='ocrx_word' id='word_1_325' title='bbox 485 3772 625 3841; x_wconf 90' lang='lat' dir='ltr'><strong>quomodo</strong></span> <span class='ocrx_word' id='word_1_326' title='bbox 645 3770 772 3833; x_wconf 88' lang='lat' dir='ltr'><strong>antebac,</strong></span> <span class='ocrx_word' id='word_1_327' title='bbox 790 3771 826 3823; x_wconf 86' lang='lat' dir='ltr'><strong>ad</strong></span> <span class='ocrx_word' id='word_1_328' title='bbox 853 3787 909 3822; x_wconf 91' lang='lat' dir='ltr'><strong>rcm</strong></span> <span class='ocrx_word' id='word_1_329' title='bbox 940 3770 1078 3836; x_wconf 85' lang='lat' dir='ltr'><strong>publicam</strong></span> <span class='ocrx_word' id='word_1_330' title='bbox 1107 3772 1301 3837; x_wconf 82' lang='lat' dir='ltr'><strong>procurandam</strong></span> <span class='ocrx_word' id='word_1_331' title='bbox 1320 3772 1366 3823; x_wconf 89' lang='lat' dir='ltr'><strong>in·</strong></span> 
     </span>
     <span class='ocr_line' id='line_1_40' title="bbox 286 3840 1365 3910; baseline -0.002 -15"><span class='ocrx_word' id='word_1_332' title='bbox 286 3842 449 3905; x_wconf 80' lang='lat' dir='ltr'><strong>cumbebat,</strong></span> <span class='ocrx_word' id='word_1_333' title='bbox 478 3842 512 3893; x_wconf 86' lang='lat' dir='ltr'><strong>de</strong></span> <span class='ocrx_word' id='word_1_334' title='bbox 537 3844 647 3893; x_wconf 88' lang='lat' dir='ltr'><strong>nemine</strong></span> <span class='ocrx_word' id='word_1_335' title='bbox 667 3841 743 3893; x_wconf 84' lang='lat' dir='ltr'><strong>nulla</strong></span> <span class='ocrx_word' id='word_1_336' title='bbox 772 3840 802 3893; x_wconf 85' lang='lat' dir='ltr'><strong>in</strong></span> <span class='ocrx_word' id='word_1_337' title='bbox 830 3856 859 3891; x_wconf 83' lang='lat' dir='ltr'><strong>re</strong></span> <span class='ocrx_word' id='word_1_338' title='bbox 879 3841 1029 3910; x_wconf 86' lang='lat' dir='ltr'><strong>quidquam</strong></span> <span class='ocrx_word' id='word_1_339' title='bbox 1047 3841 1186 3910; x_wconf 85' lang='lat' dir='ltr'><strong>suspicans</strong></span> <span class='ocrx_word' id='word_1_340' title='bbox 1204 3843 1278 3893; x_wconf 86' lang='lat' dir='ltr'><strong>mali.</strong></span> <span class='ocrx_word' id='word_1_341' title='bbox 1314 3844 1365 3893; x_wconf 77' lang='grc' dir='ltr'><strong><em>Ρα-</em></strong></span> 
     </span>
     <span class='ocr_line' id='line_1_41' title="bbox 286 3910 1366 3982; baseline -0.003 -17"><span class='ocrx_word' id='word_1_342' title='bbox 286 3912 405 3965; x_wconf 85' lang='lat' dir='ltr'><strong>triarcba</strong></span> <span class='ocrx_word' id='word_1_343' title='bbox 422 3914 450 3963; x_wconf 88' lang='lat' dir='ltr'><strong>in</strong></span> <span class='ocrx_word' id='word_1_344' title='bbox 466 3928 515 3963; x_wconf 86' lang='lat' dir='ltr'><strong>sna</strong></span> <span class='ocrx_word' id='word_1_345' title='bbox 541 3913 613 3981; x_wconf 86' lang='lat' dir='ltr'><strong>pello</strong></span> <span class='ocrx_word' id='word_1_346' title='bbox 638 3912 778 3982; x_wconf 88' lang='lat' dir='ltr'><strong>quiescere</strong></span> <span class='ocrx_word' id='word_1_347' title='bbox 806 3926 862 3961; x_wconf 92' lang='lat' dir='ltr'><strong>non</strong></span> <span class='ocrx_word' id='word_1_348' title='bbox 886 3917 1009 3978; x_wconf 74' lang='lat' dir='ltr'><strong>poterat.</strong></span> <span class='ocrx_word' id='word_1_349' title='bbox 1036 3910 1086 3961; x_wconf 88' lang='lat' dir='ltr'><strong>sed</strong></span> <span class='ocrx_word' id='word_1_350' title='bbox 1109 3913 1218 3979; x_wconf 87' lang='lat' dir='ltr'><strong>imperii</strong></span> <span class='ocrx_word' id='word_1_351' title='bbox 1246 3912 1366 3966; x_wconf 84' lang='lat' dir='ltr'><strong>admini-</strong></span> 
     </span>
     <span class='ocr_line' id='line_1_42' title="bbox 286 3980 1366 4051; baseline -0.003 -16"><span class='ocrx_word' id='word_1_352' title='bbox 286 3985 460 4046; x_wconf 79' lang='lat' dir='ltr'><strong>strationem,</strong></span> <span class='ocrx_word' id='word_1_353' title='bbox 486 3991 517 4033; x_wconf 88' lang='lat' dir='ltr'><strong>ut</strong></span> <span class='ocrx_word' id='word_1_354' title='bbox 535 3983 588 4035; x_wconf 87' lang='lat' dir='ltr'><strong>sibi</strong></span> <span class='ocrx_word' id='word_1_355' title='bbox 607 3990 817 4051; x_wconf 82' lang='lat' dir='ltr'><strong>congruentem,</strong></span> <span class='ocrx_word' id='word_1_356' title='bbox 843 3998 876 4031; x_wconf 82' lang='lat' dir='ltr'><strong>ex</strong></span> <span class='ocrx_word' id='word_1_357' title='bbox 894 3995 974 4031; x_wconf 82' lang='lat' dir='ltr'><strong>causa</strong></span> <span class='ocrx_word' id='word_1_358' title='bbox 993 3980 1149 4033; x_wconf 86' lang='lat' dir='ltr'><strong>istiusmodi</strong></span> <span class='ocrx_word' id='word_1_359' title='bbox 1174 3983 1366 4051; x_wconf 80' lang='lat' dir='ltr'><strong>capessendam</strong></span> 
     </span>
     <span class='ocr_line' id='line_1_43' title="bbox 286 4050 1367 4123; baseline -0.002 -18"><span class='ocrx_word' id='word_1_360' title='bbox 286 4054 434 4107; x_wconf 78' lang='lat' dir='ltr'><strong>iudicabat</strong></span> <span class='ocrx_word' id='word_1_361' title='bbox 479 4052 541 4104; x_wconf 87' lang='lat' dir='ltr'><strong>Non</strong></span> <span class='ocrx_word' id='word_1_362' title='bbox 570 4068 666 4123; x_wconf 84' lang='lat' dir='ltr'><strong>parum</strong></span> <span class='ocrx_word' id='word_1_363' title='bbox 700 4050 748 4101; x_wconf 89' lang='lat' dir='ltr'><strong>diu</strong></span> <span class='ocrx_word' id='word_1_364' title='bbox 775 4056 839 4101; x_wconf 88' lang='lat' dir='ltr'><strong>ante</strong></span> <span class='ocrx_word' id='word_1_365' title='bbox 862 4065 999 4101; x_wconf 84' lang='lat' dir='ltr'><strong>excessum</strong></span> <span class='ocrx_word' id='word_1_366' title='bbox 1026 4052 1186 4119; x_wconf 85' lang='lat' dir='ltr'><strong>imperatori</strong></span> <span class='ocrx_word' id='word_1_367' title='bbox 1219 4054 1367 4105; x_wconf 86' lang='lat' dir='ltr'><strong>eonsilium</strong></span> 
     </span>
     <span class='ocr_line' id='line_1_44' title="bbox 286 4122 1372 4196; baseline -0.003 -20"><span class='ocrx_word' id='word_1_368' title='bbox 286 4123 364 4177; x_wconf 88' lang='lat' dir='ltr'><strong>dedit</strong></span> <span class='ocrx_word' id='word_1_369' title='bbox 395 4139 508 4193; x_wconf 75' lang='lat' dir='ltr'><strong>magnus</strong></span> <span class='ocrx_word' id='word_1_370' title='bbox 539 4122 717 4195; x_wconf 87' lang='lat' dir='ltr'><strong>domesticus,</strong></span> <span class='ocrx_word' id='word_1_371' title='bbox 750 4122 920 4196; x_wconf 79' lang='lat' dir='ltr'><strong>patriarchae</strong></span> <span class='ocrx_word' id='word_1_372' title='bbox 955 4127 1050 4171; x_wconf 86' lang='lat' dir='ltr'><strong>auctor</strong></span> <span class='ocrx_word' id='word_1_373' title='bbox 1078 4129 1149 4172; x_wconf 86' lang='lat' dir='ltr'><strong>esset</strong></span> <span class='ocrx_word' id='word_1_374' title='bbox 1186 4135 1303 4191; x_wconf 82' lang='lat' dir='ltr'><strong>poenam</strong></span> <span class='ocrx_word' id='word_1_375' title='bbox 1337 4130 1372 4173; x_wconf 88' lang='lat' dir='ltr'><strong>et·</strong></span> 
     </span>
     <span class='ocr_line' id='line_1_45' title="bbox 286 4188 1366 4265; baseline -0.003 -17"><span class='ocrx_word' id='word_1_376' title='bbox 286 4195 451 4250; x_wconf 87' lang='lat' dir='ltr'><strong>&#39;eiectionem</strong></span> <span class='ocrx_word' id='word_1_377' title='bbox 480 4210 516 4247; x_wconf 81' lang='lat' dir='ltr'><strong>ex</strong></span> <span class='ocrx_word' id='word_1_378' title='bbox 544 4194 658 4249; x_wconf 84' lang='lat' dir='ltr'><strong>ecclesia</strong></span> <span class='ocrx_word' id='word_1_379' title='bbox 686 4188 899 4257; x_wconf 75' lang='lat' dir='ltr'><strong>intermittendi,</strong></span> <span class='ocrx_word' id='word_1_380' title='bbox 933 4191 957 4243; x_wconf 85' lang='lat' dir='ltr'><strong>si</strong></span> <span class='ocrx_word' id='word_1_381' title='bbox 981 4192 1046 4262; x_wconf 84' lang='lat' dir='ltr'><strong>¹quis</strong></span> <span class='ocrx_word' id='word_1_382' title='bbox 1070 4192 1366 4265; x_wconf 29' lang='lat' dir='ltr'><strong>imperatorelmortao</strong></span> 
     </span>
    </p>
   </div>
   <div class='ocr_carea' id='block_1_4' title="bbox 0 0 1573 4900">
    <p class='ocr_par' dir='ltr' id='par_1_6' title="bbox 0 0 1573 4900">
     <span class='ocr_line' id='line_1_46' title="bbox 0 0 1573 4900; baseline 0 0"><span class='ocrx_word' id='word_1_383' title='bbox 0 0 1573 4900; x_wconf 95' lang='lat' dir='ltr'><strong> </strong></span> 
     </span>
    </p>
   </div>
  </div>
 </body>
</html>
